2648 4830
165 350 212 422 32
323 341 325 345 ’
429 351 469 418 6.
498 351 673 443 rurum
700 351 811 418 666.
840 352 971 513 66666.

162 466 255 553 nutrs'
267 469 460 577 passibus
481 482 669 551 Incubuere
684 484 790 551 maria
812 469 900 551 tam⁴
904 479 1034 577 ²longo
1056 506 1147 571 aevo,
1162 482 1234 554 alibi

163 614 361 726 processere
364 589 485 672 littora,
498 602 625 658 torsere
635 614 669 658 se
680 589 855 658 fluminum
866 604 925 658 aut
935 613 1111 659 correxere
1125 590 1233 660 flexus.

121 681 348 766 Praeterea⁴
350 680 514 764 3aliunde
532 694 605 770 aliis
625 682 835 764 exordium⁴⁴
851 720 1015 766 mensurae
1033 710 1101 783 est,
1111 712 1158 766 66
1179 695 1236 767 alia

165 817 310 872 meatus:
322 803 367 870 ita
389 801 444 889 fit,
459 817 497 871 ut
511 800 594 871 nulli
612 801 679 870 duo
698 803 887 871 concinant.

115 895 148 952 ¹⁴
218 900 282 997 (11
291 907 449 1002 )Baeticae
464 907 637 1002 longitudo
653 934 743 977 nunc
761 932 780 976 6
796 893 1024 978 Castulonis⁴⁵
1044 908 1162 1046 oppidi
1176 909 1237 978 fine

166 1015 293 1102 Gades,
321 1038 386 1084 666
406 1039 445 1084 M.
467 1029 501 1084 et
520 1039 539 1083 a
560 1017 675 1109 Murgi
700 1015 866 1083 maritima
891 1039 951 1085 ora
970 1040 1036 1084 xxv
1055 1002 1121 1144 M.
1121 1000 1236 1110 ⁶.pass

165 1106 352 1216 amplior⁴⁷.
367 1121 526 1190 Latitudo
538 1123 745 1191 aCarteiana
762 1145 821 1190 ora
838 1145 979 1190 ccxxxvi
994 1109 1053 1191 M.⁴
1055 1106 1238 1243 ⁸passuum

165 1230 350 1323 Agrippam
369 1227 523 1321 quidem
515 1253 551 1296 m
570 1242 662 1296 tanta
678 1214 775 1297 viri⁴⁹
794 1226 980 1323 diligentia,
984 1243 1188 1358 praeterque
1208 1231 1238 1297 in

164 1335 231 1403 hoc
244 1359 346 1429 opere
359 1358 457 1420 cura,
475 1359 579 1428 quum
594 1334 711 1404 orbem
725 1348 889 1404 terrarum
901 1319 1010 1403 orbi⁵=⁰
1022 1335 1238 1429 spectandum

168 1555 211 1596 tus
236 1542 307 1614 apud
329 1544 481 1615 Dalecamp.
504 1545 683 1614 comparatione
726 1556 830 1598 textum
859 1543 923 1596 inde
955 1543 1093 1616 corrupit,
1124 1545 1239 1598 scribens

169 1643 292 1678 mensura.
304 1623 359 1677 En.
726 1642 849 1677 6666666.
864 1642 896 1677 M.
917 1624 952 1676 H.
961 1657 1002 1667 -
1016 1624 1133 1694 Legebat
1151 1625 1237 1677 Dalec.

212 1711 259 1769 41.
272 1703 398 1756 Passibus.
409 1703 605 1769 Incubuere,etc.
617 1704 684 1755 Pro·
727 1723 744 1754 u
762 1703 902 1756 Castulonis
924 1704 1006 1774 oppidi
1020 1703 1115 1774 finibus
1132 1704 1171 1756 ad
1189 1704 1239 1758 Go-

170 1785 286 1853 ponebat
310 1783 400 1836 Dalec.
423 1783 542 1853 passibus.
565 1785 604 1836 Et
627 1784 684 1835 dum
727 1783 778 1836 des.
793 1784 844 1835 En.

167 1863 307 1927 incubuere,
322 1875 371 1915 etc.
388 1863 441 1914 En.
770 1867 814 1926 46.
826 1863 918 1914 XXV
921 1863 959 1915 M.
966 1863 1030 1916 Haec
1036 1863 1139 1917 lectioe
1151 1862 1239 1918 Chiffl.

212 1950 259 2006 46,
280 1944 305 1994 T
303 1963 343 1994 ani
356 1943 429 2012 longo
447 1963 514 2008 660,
534 1943 609 2007 alibi,
632 1956 682 1996 etc.
728 1940 868 2014 desumpta
888 1961 944 1994 non
962 1961 1026 1995 cum
1040 1943 1130 1996 Dalec.
1145 1955 1173 1997 et
1186 1944 1238 1996 Elz.

169 2024 260 2076 Dalec.
283 2035 309 2075 66
328 2023 386 2075 Elz.
406 2034 455 2073 tam
479 2023 553 2091 longo
569 2024 685 2076 6660611-
728 2034 870 2087 consonat,
896 2023 924 2074 in
947 2022 1047 2094 quibus
1069 2041 1146 2088 xxm,
1170 2021 1240 2095 quod

170 2103 210 2167 bi,
226 2103 277 2157 etc.
291 2103 344 2154 En.
728 2121 776 2172 ego
803 2102 927 2166 mallem;
949 2121 1012 2155 nam
1033 2102 1079 2156 vix
1099 2120 1185 2156 eom
1203 2103 1239 2156 M.

117 2186 121 2195 ’
211 2181 403 2246 43.Praeterea.
414 2181 476 2232 Non
485 2181 519 2233 ab
530 2180 624 2233 eodem
635 2194 686 2235 666·
727 2200 797 2252 pass.
822 2194 862 2234 est
884 2179 971 2234 Gades
991 2182 1060 2234 inter
1083 2194 1110 2234 ct
1130 2182 1241 2237 flurium

170 2262 259 2326 mino,
272 2262 373 2332 inquit,
386 2260 495 2312 initium
506 2279 637 2314 mensurae
646 2274 685 2314 est
727 2262 894 2326 Almanzora,
909 2279 990 2331 quem
1009 2261 1111 2314 Baeticae
1128 2262 1241 2316 limitem

171 2341 309 2406 omnibus,
319 2358 407 2412 neque
417 2338 511 2392 eadem
521 2341 565 2393 via
581 2340 640 2405 iter,
650 2340 686 2394 ad
727 2341 808 2394 luisse
827 2341 998 2402 arbitramur,
1016 2343 1092 2414 juxta
1109 2342 1240 2414 Mujacur,

171 2419 278 2473 eosdem
284 2421 364 2473 etiam
374 2420 441 2472 lines
449 2420 523 2472 illam
532 2439 685 2474 mensuram
727 2420 906 2474 intervallum.
917 2423 971 2474 En.

171 2499 342 2554 ducentibus.
362 2500 455 2552 Hann.
770 2507 817 2570 47.
838 2500 961 2572 Amplior.
973 2502 1037 2554 Vet.
1058 2498 1131 2572 apud
1154 2501 1240 2554 Dulce.

212 2586 260 2644 44.
271 2581 407 2632 Exordium
419 2598 535 2631 mensurus
546 2592 591 2644 est,
602 2581 685 2632 etalio
728 2583 838 2651 amplius.
850 2581 902 2633 En.

172 2671 270 2712 meatus.
299 2660 416 2730 Legebat
446 2659 535 2712 Dalec.
562 2658 685 2713 6606116666
769 2659 1008 2723 48.CCXXXV1
1020 2660 1058 2713 M.
1070 2679 1138 2731 pass.
1153 2662 1243 2716 Dalec.

171 2752 219 2806 est,
231 2759 340 2793 mensura
350 2751 374 2791 et
384 2739 435 2790 alia
448 2752 546 2791 meatus.
561 2740 614 2793 En.
728 2753 755 2792 et
763 2740 819 2792 Elz.
829 2758 933 2794 ocxxrv.
943 2739 1035 2794 Cliilll.
1045 2758 1163 2794 66666666.
1174 2741 1244 2794 Μ66·

103 2866 104 2869 ,
214 2819 260 2881 45.
284 2820 311 2872 Α
329 2819 476 2872 Castulonis.
499 2822 522 2871 A
544 2819 685 2872 Castulone
728 2821 815 2872 tianus
824 2819 870 2872 lib.
883 2821 933 2887 VI,
943 2839 1002 2890 cap.
1016 2819 1051 2872 de
1062 2820 1173 2892 Hispan.
1183 2839 1243 2893 pag.

172 2898 291 2969 oppido,
303 2900 405 2971 inquit,
416 2899 463 2970 qui
472 2898 575 2952 Baeticae
582 2899 644 2950 linis
655 2916 685 2951 ac
731 2899 795 2965 203,
807 2918 912 2953 ccxxiv.
927 2900 990 2952 Haec
1002 2899 1093 2952 omnia
1104 2918 1169 2952 vero
1183 2919 1245 2972 pro·

171 2980 248 3031 limes
259 2998 332 3032 nunc
347 2979 481 3039 statuitur,
492 2998 575 3049 usque
588 2977 685 3044 Gades,
728 2980 801 3032 xima
815 2992 892 3046 sunt;
904 2999 999 3033 ccxxrv
1011 2980 1084 3031 enim
1095 2998 1128 3032 M.
1142 2999 1212 3052 pass.
1229 2999 1244 3033 a

171 3078 229 3112 666..
244 3077 276 3112 M.
291 3057 364 3129 quod
377 3059 488 3130 paulurn
500 3077 516 3110 a
525 3077 591 3111 vero
607 3059 684 3112 aber·
727 3060 915 3130 promontorio
925 3063 1008 3112 Punta
1018 3059 1048 3110 de
1060 3061 1161 3131 Europa
1172 3059 1244 3113 dicto

171 3153 219 3193 rat.
234 3139 405 3193 Castulonem
417 3138 519 3190 Baeticae
533 3138 616 3191 finem
633 3150 686 3190 sta-
728 3139 763 3192 ad
781 3140 895 3192 maxime
916 3139 1159 3209 septemtrionalem
1180 3141 1253 3193 Ann-

171 3232 260 3273 tutum
272 3219 367 3284 fuisse,
377 3230 469 3271 auctor
477 3230 515 3270 est
526 3217 604 3271 etiam
616 3218 686 3270 Stra·
728 3218 847 3271 fluminis
860 3216 974 3283 flexum,
986 3221 1033 3272 ubi
1048 3219 1137 3272 rivum
1151 3221 1245 3272 Estena

170 3300 223 3363 bo,
239 3299 286 3351 lib.
305 3300 361 3363 ΙΠ,
381 3317 441 3369 pag.
462 3300 521 3350 166.
542 3298 637 3362 Nunc,
655 3310 686 3350 66
727 3298 840 3368 recipit,
853 3312 1028 3351 numerantur
1042 3299 1071 3351 in
1084 3296 1246 3370 quibusdam

171 3377 301 3443 diximus,
315 3378 436 3436 Castana,
456 3377 484 3429 in
495 3377 612 3429 confinio
633 3377 684 3430 Cu·
728 3377 847 3448 mappis,
861 3396 973 3431 ccxxxvr
983 3378 1010 3430 in
1023 3378 1090 3431 aliis.
1102 3379 1155 3431 En.

171 3459 251 3510 stellae
264 3459 402 3524 Novae,et
415 3457 491 3527 regni
504 3456 686 3510 Granatensis.
770 3463 814 3525 49.
843 3459 908 3510 Viri.
928 3458 1064 3510 Maluisset
1086 3459 1178 3512 Dalec.
1205 3463 1245 3512 ui·

171 3540 263 3590 —Ita
274 3538 350 3590 MSS.
365 3555 457 3589 omnes
469 3538 502 3589 R.
521 3555 547 3603 1,
566 3556 592 3602 2,
605 3537 683 3590 Colb.
729 3540 798 3590 rium.
813 3538 865 3590 En.

175 3637 201 3681 1,
216 3637 241 3681 n,
254 3617 344 3670 chiffl.
361 3618 569 3688 Parm.quoque
582 3615 682 3676 editio,
771 3619 814 3671 50.
841 3617 906 3670 Orbi
925 3617 1088 3688 spectandum.
1114 3617 1181 3671 Orbi
1207 3636 1246 3671 re·

172 3710 199 3750 et
211 3697 358 3750 Martianus
374 3699 431 3766 ipse
444 3697 492 3749 lib.
506 3697 562 3761 VI,
574 3715 631 3768 cap.
649 3695 683 3749 de
728 3697 878 3766 posuimus,
890 3696 1030 3749 admonitu
1043 3695 1168 3750 codicum
1179 3699 1246 3769 Reg.

172 3777 314 3848 Hispania,
325 3794 385 3845 pag.
398 3777 467 3842 663,
480 3796 496 3829 6
506 3796 560 3849 quo
572 3778 684 3829 Hermo·
732 3795 758 3841 1,
778 3796 807 3842 a,
826 3777 905 3831 Colb.
923 3795 952 3842 1,
973 3797 999 3842 6,
1010 3789 1036 3829 66
1056 3777 1138 3830 Ρ6616.
1159 3796 1246 3850 quum

171 3858 230 3910 laus
259 3856 364 3908 incaute
392 3856 520 3908 citerioris
549 3857 685 3926 Hispaniae
728 3856 804 3927 prius
821 3857 876 3908 rubi
892 3858 1023 3926 legeretur
1046 3857 1074 3908 in
1095 3857 1172 3910 libris
1194 3858 1246 3911 irn-

171 3954 323 3989 mensuram
343 3945 478 3987 mutuatus
499 3937 634 3990 transtulit
655 3938 683 3989 in
728 3936 825 4006 pressis
845 3955 852 3988 ι
872 3937 952 4001 06161,
976 3937 1106 4008 inquam,
1128 3937 1183 3991 1606
1208 3949 1247 3990 est

170 4016 341 4080 ulteriorem,
361 4027 440 4086 atque
459 4015 511 4067 hoc
530 4016 590 4069 loco
604 4017 685 4070 Plinii
729 4016 861 4070 universis
885 4029 1016 4070 terrarum
1043 4016 1167 4088 gentibus
1191 4019 1247 4072 Ro·
