2648 4830
204 305 247 373 18
478 307 515 370 (Σ.
545 305 723 373 PLlNlI
753 302 864 369 NAT.
894 303 1025 369 HlST.

195 435 284 530 quod
296 438 315 503 J
317 433 457 504 ulicnses
467 460 473 500 :
485 435 583 503 Vesci
591 419 628 521 ⁵¹⁵,
637 433 727 528 quod
736 434 893 502 Faventia
905 457 911 499 :
924 416 1079 525 Singili⁵⁵,
1090 417 1275 525 Attegua⁵⁶,

193 677 387 750 Baetica3quod
396 675 710 730 nonanimadverterunt
755 678 804 728 teri
834 676 1042 746 inscriptiones,
1066 676 1193 748 nullaque
1222 677 1274 728 illis

194 759 320 814 nonnulli
347 758 519 828 interpretes,
546 776 613 827 quos
640 757 710 809 inter
754 755 821 809 fides
831 754 992 808 adhibenda.
1003 757 1056 808 En.

194 843 347 894 Pornsrrmr
363 855 400 890 nn
415 837 501 890 Smnr
516 837 564 908 qui
578 855 620 889 eas
632 837 711 890 urbes
809 835 854 889 56.
881 837 1002 906 Attagua.
1030 836 1108 888 Prius
1134 836 1273 906 legebatur

193 939 276 973 unam
312 916 488 989 eamdemque
521 936 576 970 esse
615 929 712 987 putat,
755 915 989 986 Singiliastegua.
1000 915 1061 969 Scio
1071 915 1100 967 in
1108 916 1161 968 boc
1170 917 1273 969 Baeticc

195 1018 275 1071 quam
286 999 360 1068 Ecija
371 1009 457 1058 vocat,
473 995 610 1055 adversam
621 1009 711 1049 tamen
756 1008 842 1049 tractu
865 995 972 1066 Αῖγουαν
991 1014 1007 1048 a
1027 995 1159 1048 Strabone
1180 996 1273 1061 citari,

194 1079 330 1132 sententiae
350 1096 403 1129 suae
424 1076 580 1148 opinionem
600 1075 711 1130 Martini
755 1074 936 1146 lih.111,pag,
948 1081 1017 1138 141,
1032 1074 1079 1128 sed
1092 1094 1176 1145 quum
1188 1075 1273 1145 Stagi-

196 1159 231 1212 de
247 1160 320 1222 Roa,
333 1157 363 1209 in
381 1157 451 1210 Hist.
466 1157 571 1226 Astigit.
586 1157 636 1209 tot.
658 1152 711 1219 13,
756 1156 876 1225 liuttegua
897 1156 926 1208 in
945 1155 1023 1208 MSS.
1044 1155 1191 1218 scribatur,
1209 1157 1272 1226 Reg.

195 1239 328 1301 referens,
351 1237 399 1309 qui
421 1235 490 1288 hanc
511 1237 607 1288 urbem
630 1233 711 1287 hodie
760 1253 792 1299 1,
816 1253 849 1301 a,
868 1247 918 1288 etc.
937 1234 1050 1303 Singili:
1069 1237 1182 1305 Attegrta
1200 1234 1272 1287 haud

196 1336 251 1370 esse
265 1317 391 1379 Albana,
407 1316 476 1368 inter
487 1315 608 1369 Granada
620 1328 646 1368 et
656 1314 712 1365 Ma·
756 1326 914 1367 cunctanter
928 1333 1048 1384 agnosco.
1061 1315 1130 1367 Nam
1146 1314 1181 1367 de
1198 1317 1273 1368 Atte-

196 1400 270 1468 laga,
283 1388 357 1448 hautl
369 1395 519 1460 immerito,
532 1407 563 1447 ut
577 1413 627 1466 ego
638 1412 712 1459 reor,
755 1411 806 1463 gua
833 1394 953 1464 primum
977 1394 1031 1446 Dio
1061 1395 1186 1448 meminit
1222 1395 1268 1447 lib.

196 1495 258 1530 eum
272 1476 394 1529 docebat.
411 1475 487 1527 Hanc
501 1474 657 1545 opinionem
671 1491 712 1525 se·
756 1473 862 1538 XLIII,
873 1491 935 1545 pag.
957 1473 1020 1527 230.
1041 1466 1171 1545 Ᾰττεγοὺα
1189 1477 1272 1535 πόλις,

196 1556 289 1628 quitur
303 1567 331 1608 et
344 1556 508 1608 Mannertus.
524 1556 577 1608 En.
757 1550 830 1606 haud
850 1553 947 1624 procul
962 1551 1106 1620 Corduba,
1121 1574 1177 1607 non
1194 1556 1273 1607 semel

239 1636 285 1700 54.
317 1636 406 1699 Vesci,
424 1634 489 1706 quod
502 1634 630 1685 Faventia.
652 1633 713 1684 Pto·
758 1645 846 1685 autem
870 1632 988 1699 Hirtius,
1012 1634 1031 1685 l.
1053 1633 1178 1687 debello
1197 1634 1271 1704 Hisp.

196 1717 290 1769 lemaro
305 1716 358 1768 loc.
379 1714 425 1767 cit.
444 1713 559 1774 Οὕεσκις.
575 1712 713 1766 Girolamo
758 1729 818 1781 pag·
831 1710 887 1782 259
897 1751 905 1777 ,
917 1725 944 1765 et
954 1715 1126 1784 Atteguenses
1137 1714 1274 1786 Pompeia-

197 1795 314 1848 Ruscelli
335 1812 393 1847 eam
408 1793 488 1846 etiam
507 1811 581 1846 nunc
595 1792 714 1844 Faventia
758 1809 856 1844 narum
876 1793 992 1862 partium
1013 1793 1095 1847 fuisse
1117 1793 1211 1847 scribit
1225 1795 1274 1845 Va·

198 1872 714 1945 vocari‚NigerurbemesseVelez,nou
758 1870 840 1923 lerius
862 1873 936 1923 Max.
959 1874 1007 1926 lib.
1027 1874 1084 1936 IX,
1109 1892 1168 1944 cap.
1190 1893 1223 1939 2,
1249 1880 1272 1937 4.

199 1956 296 2028 procul
319 1955 352 2010 ab
377 1953 484 2006 interno
507 1952 574 2006 mari
595 1965 623 2005 et
648 1952 715 2005 urbe
759 1950 1141 2024 Hinn.-1ttarianaqu0que
1155 1954 1202 2006 lib.
1218 1954 1275 2015 111,

199 2024 718 2103 Matril,contendunt;'egoautemllan
759 2030 859 2083 Histor.
890 2032 1002 2104 Hispan.
1030 2030 1088 2104 cap.
1117 2051 1174 2099 a1,
1204 2034 1275 2086 Atte-

198 2115 314 2168 duinum
340 2113 417 2183 sequi
441 2112 562 2176 mallem,
584 2111 632 2181 qui
658 2129 716 2163 eam
759 2129 827 2180 gua,
845 2111 948 2184 inquit,
969 2113 1059 2165 decimo
1081 2125 1148 2165 secto
1169 2112 1201 2164 ab
1219 2112 1274 2165 urbe

201 2193 356 2255 Aminaion,
364 2193 434 2244 inter
442 2190 583 2264 Antequam
592 2190 719 2243 etAlcala
763 2188 877 2242 Corduba
896 2192 976 2263 lapr'de
995 2196 1044 2244 sita
1058 2205 1129 2257 erat,
1152 2213 1198 2264 quo
1215 2212 1275 2244 nunc

203 2276 228 2325 la
240 2274 304 2324 Renl
313 2290 369 2324 esse
383 2283 467 2343 putat.
479 2271 531 2322 En.
762 2269 815 2322 loco
828 2275 904 2322 ruinae
917 2283 1009 2324 tantum
1020 2284 1115 2324 exstant
1124 2273 1197 2324 Tebae
1209 2285 1276 2324 vete·

244 2353 290 2407 55.
300 2351 400 2421 Singili·
414 2351 556 2408 Nonnulli,
570 2363 602 2403 ut
615 2368 679 2402 mox
690 2349 718 2402 in
763 2352 797 2401 ris
810 2354 904 2403 immine
920 2369 927 2404 :
947 2351 1023 2405 addit
1040 2342 1196 2406 Hariluinus
1214 2354 1277 2406 Teca

201 2422 316 2503 Attegua
341 2430 476 2495 dicemus,
495 2429 601 2500 Singilia
620 2431 720 2500 legunt,
762 2433 834 2499 veja,
845 2431 1141 2486 sextoferemilliariab
1150 2433 1276 2504 Antiqua·

202 2524 348 2566 nosautem
354 2511 488 2564 Ortelium
496 2509 720 2580 Harduinumque
763 2510 803 2562 ria
811 2509 942 2582 Hispalim
952 2513 1089 2578 euntibus,
1099 2531 1154 2564 non
1162 2511 1278 2565 animad-

204 2593 280 2664 sequi
295 2591 454 2655 maluimus,
468 2590 520 2641 illis
533 2602 623 2643 tamen
639 2589 719 2641 mini·
763 2602 870 2642 vertens
892 2591 950 2644 baec
969 2611 1030 2645 cum
1044 2592 1171 2645 Marianae
1190 2593 1276 2645 verbis

203 2691 247 2724 me
271 2671 459 2734 assentientes,
487 2685 573 2741 quum
598 2668 719 2722 eamdem
763 2669 937 2724 decimosexto
950 2673 981 2723 ab
996 2673 1052 2724 urbe
1069 2672 1184 2726 Corduba
1199 2672 1277 2743 lapide

204 2751 275 2802 hanc
290 2751 385 2802 urbem
395 2750 587 2823 Antiquan'am,
602 2751 657 2802 sive
667 2749 721 2800 Aa·
764 2768 898 2821 pugnare;
911 2770 974 2804 nam
988 2751 1034 2805 illa
1048 2751 1082 2804 de
1095 2771 1147 2822 qua
1160 2753 1278 2822 loquitur

208 2834 317 2882 ricarium
328 2829 466 2882 Antonino
476 2827 575 2882 dictam
586 2830 665 2882 fuisse
677 2848 721 2881 vo·
768 2831 835 2881 Tebu
848 2844 912 2884 nxvr
927 2851 958 2885 st.
974 2851 1040 2903 pass.
1060 2851 1075 2884 a
1091 2831 1222 2885 Corduba
1237 2827 1278 2883 di-

204 2911 274 2963 lunt.
289 2909 457 2973 n’Anvmm,
469 2911 556 2962 multo
568 2909 679 2973 rectius,
691 2921 722 2961 ut
765 2921 825 2963 stat.
835 2910 935 2964 Forsan
948 2912 1004 2964 haec
1019 2911 1101 2975 Tabe,
1112 2915 1188 2982 juxta
1198 2930 1278 2983 quarn

204 2990 313 3061 opinor,
319 2988 434 3042 diversas
443 2989 523 3042 fuisse
535 2991 614 3042 urbes
623 3001 720 3042 censet.
764 3003 868 3054 montes
880 2991 964 3044 Sierra
975 2992 1005 3044 de
1016 2994 1114 3062 Yeguas
1126 2990 1192 3046 dicti
1205 3008 1279 3063 repe·

205 3069 341 3122 Anticaria
358 3068 385 3120 in
402 3069 445 3122 via
461 3087 570 3122 romana
591 3069 639 3122 sita
654 3067 722 3134 fuit,
765 3069 872 3123 riuntur
880 3111 889 3139 ,
904 3072 1041 3125 Strabonis
1053 3078 1148 3142 Αΐγουα
1160 3072 1279 3140 fuit3At·

204 3151 293 3204 forsan
302 3149 423 3221 quoloco
431 3147 514 3202 bodie
523 3149 719 3219 estAntequera,
766 3160 837 3218 tegna
858 3165 948 3204 autem
968 3150 1128 3222 requirenda
1149 3164 1188 3204 est
1210 3152 1280 3205 inte'r

204 3230 364 3302 Singilisque
383 3227 417 3280 ad
430 3229 517 3300 ripam
531 3228 607 3281 fluvii
623 3248 722 3300 cogno·
765 3231 858 3280 Puente
872 3231 901 3282 de
915 3232 975 3283 Dori
990 3232 1119 3295 Gonzalo,
1137 3231 1213 3301 quod
1231 3251 1279 3300 op·

205 3309 299 3373 minis,
316 3326 389 3362 nunc
409 3309 457 3360 nto
475 3307 551 3362 Genii
571 3307 652 3374 dicti,
667 3327 721 3380 quo
765 3307 872 3380 pidum,
882 3322 990 3364 auctore
1001 3312 1166 3378 n'Auvrncn,
1176 3311 1281 3382 Singilis

204 3388 265 3441 loco
279 3408 352 3443 nunc
369 3400 409 3440 est
419 3389 512 3440 Parente
529 3389 558 3440 de,
573 3390 631 3440 Dan
651 3388 721 3441 Gon·
766 3401 819 3452 est,
831 3401 858 3441 et
869 3389 997 3456 Corduba,
1010 3391 1120 3445 fortasse
1133 3410 1188 3444 non
1202 3393 1280 3462 longe

206 3471 270 3521 zalo.
292 3467 435 3521 Anticariae
454 3481 560 3539 reperta
579 3468 721 3539 inscriptio
766 3469 799 3520 ab
813 3469 932 3539 Agallar,
946 3473 975 3524 in
988 3473 1046 3541 ripa
1056 3471 1133 3523 fluvii
1144 3490 1218 3525 nunc
1230 3471 1279 3524 Ca-

169 3552 171 3556 ’
205 3546 277 3619 apud
286 3549 365 3601 Grut.
380 3560 477 3613 exstat,
491 3567 548 3618 pag.
562 3549 723 3618 437‚Mum'·
767 3548 811 3600 bra
829 3551 925 3603 vocati.
946 3553 1037 3622 Longe
1058 3552 1109 3603 alia
1128 3565 1218 3604 tamen
1244 3563 1281 3604 est

203 3632 251 3698 cap.
266 3627 460 3697 Singiliensium,
473 3631 552 3698 cujus
564 3628 722 3681 auctoritate
767 3630 902 3683 Mannerti
916 3631 1024 3702 opinio,
1040 3632 1087 3701 qni
1100 3625 1171 3684 lianc
1187 3632 1280 3683 urbem

204 3721 293 3760 motus
307 3707 472 3771 n’Anvrnnn,
483 3707 645 3760 Anticariam
662 3708 723 3760 Sin·
767 3707 801 3760 ad
815 3711 1032 3781 septemtrionem
1046 3711 1123 3764 Baetis
1145 3712 1240 3782 ponit,
1255 3723 1281 3762 et

203 3788 265 3856 gitis
289 3787 439 3839 auctoritati
461 3789 616 3840 submissam
644 3788 723 3840 fuisse
767 3789 841 3840 illam
858 3789 927 3841 inter
945 3802 970 3842 et
983 3792 1101 3843 Ucubim
1121 3790 1227 3844 fluxisse
1247 3790 1281 3840 ait

203 3872 293 3937 putat‘,
310 3865 373 3932 setl,
387 3869 479 3938 utjam
496 3887 551 3920 non
563 3869 644 3920 semel
657 3865 723 3920 dixi·
768 3866 869 3920 flumen
887 3869 1004 3937 Salsum,
1021 3869 1097 3941 quod
1111 3871 1193 3925 hodic
1211 3873 1279 3926 Gua-

203 3965 280 4012 mus,
295 3947 365 3999 talsae
381 3961 552 4019 recentesque
577 3961 637 4001 sunt
652 3948 723 4001 Gru·
768 3949 836 3998 dicto
850 3951 937 4002 vocari
952 3949 1027 4004 dicit.
1041 3951 1094 4014 En.
