2648 4830
133 383 175 429 12
204 346 211 353 ’
394 360 432 427 c.
461 360 633 430 aaran
660 361 769 432 aar.
799 365 926 432 nisu

126 516 202 562 cum
233 490 354 575 lluvi03
380 477 492 559 item²⁴
514 489 685 560 Salduba:
715 495 875 589 oppidum
903 493 980 563 Suel
990 480 1035 563 ²⁵:
1063 493 1192 566 Malaca

125 622 203 667 cum
225 597 326 665 fluvio
336 582 375 680 ²⁶,
399 595 645 666 foederatorum.
667 600 756 669 Dein
772 598 957 671 Maenoba²⁷
977 626 1054 684 oum
1076 602 1190 671 fluvio.

123 721 216 773 cianus
226 720 391 772 Heracliam
401 719 523 791 Kapauta
535 722 565 780 εἰς
574 728 636 792 Bap-
681 727 712 774 de
738 727 913 776 lbrremolinos
948 743 1004 776 erae
1036 725 1175 777 contendit
1182 743 1190 788 ;

124 800 247 867 enutio,
264 814 315 878 eto.
328 801 380 853 En.
681 801 752 873 quod
768 803 876 874 quidem
896 821 946 873 ego
959 803 1085 868 mallem,
1108 822 1191 875 quum

160 887 201 944 aa.
218 889 279 932 Item
302 878 425 933 Salduba.¹
443 881 503 934 Hoc
525 891 580 943 est,
605 891 635 932 ut
679 881 813 934 castellum
822 885 967 950 Fueagirola
977 887 1055 934 ritum
1068 883 1148 936 fuerit
1158 881 1191 936 ad

121 961 280 1026 Barbesula,
298 960 337 1012 sic
350 959 426 1011 etiam
439 958 554 1015 Salduba
569 961 634 1012 olim
678 963 775 1014 ostium
789 961 907 1017 fluminis
926 961 960 1014 de
978 980 1033 1033 quo
1048 975 1120 1015 certe
1137 981 1191 1014 me-

120 1038 247 1112 oppidum
261 1057 322 1091 cum
338 1039 418 1092 fluvio
434 1039 483 1090 fuit
500 1039 635 1110 cognomi·
677 1041 798 1093 miniaaet
808 1040 911 1092 Noster.
926 1041 978 1092 En.

119 1118 242 1172 nezSuel
262 1137 316 1170 non
329 1117 401 1170 item.
418 1117 532 1171 Salduba
552 1117 634 1170 hodie
715 1123 756 1173 26.
776 1123 877 1171 Malaca
888 1119 1191 1190 citmflavi0‚foederato-

46 1220 50 1230 *
119 1202 242 1250 Marbella
256 1208 307 1256 est,
324 1195 358 1248 ad
377 1215 482 1248 amnem
503 1196 567 1249 olim
588 1215 633 1248 co·
676 1199 839 1253 ram.Dalec.
855 1199 1046 1250 MalacamElz.
1061 1200 1190 1250 Malacha.

120 1277 270 1350 gnominem
286 1277 332 1347 qui
350 1296 422 1333 uuna
435 1281 479 1328 llio
496 1281 575 1328 Verde
590 1275 632 1328 di·
675 1278 832 1346 scripsimus
861 1281 984 1340 Malaca,
1016 1276 1189 1328 Ptolemaeum

120 1359 203 1421 citur,
222 1356 307 1427 inquit
328 1355 412 1408 Hand.
431 1376 511 1429 quem
530 1357 575 1409 hic
592 1376 632 1410 ae·
674 1357 886 1428 Strabonemque
897 1367 1044 1426 sequentes,
1055 1355 1189 1424 inquibus

119 1456 207 1510 quon
229 1435 336 1487 Clusius
355 1446 443 1490 autem
465 1437 632 1491 Mannertus-
674 1437 1057 1507 legiturMaitaaa,nonautem
1067 1435 1188 1500 Μάλαχα.

120 1534 173 1588 que
182 1513 299 1570 Salduba
313 1514 413 1567 flumen
426 1514 508 1567 hodie
515 1518 560 1566 aio
571 1520 632 1567 Gor-
675 1516 880 1580 En.-Malaca,
890 1514 991 1585 inquit,
1002 1512 1132 1586 oppidum
1143 1514 1190 1564 fm-

120 1598 170 1659 do,
185 1594 226 1646 vel
240 1594 456 1662 Guadalquivirejo
470 1594 558 1647 vocari
569 1613 630 1648 cous
644 1634 649 1643 ,
676 1594 896 1649 deratorumcum
903 1592 1156 1655 fluvi0.Ptolem.Il,
1165 1597 1189 1654 4,

121 1671 250 1738 tendunt;
270 1673 316 1744 qui
337 1672 445 1743 quidem
465 1673 552 1726 amnis
571 1675 630 1727 Ma·
675 1675 856 1746 Mritam,qui
877 1673 992 1725 vicinum
1013 1691 1138 1732 amnem,
1160 1681 1189 1723 ut

120 1752 184 1805 lucae
193 1752 304 1804 vicinior
317 1751 384 1803 mihi
395 1751 500 1804 videtur
510 1771 589 1823 quam
603 1765 631 1805 ut
674 1750 1022 1816 diximumtadadaavvocat.
1033 1749 1141 1822 Oppido
1152 1751 1189 1801 in·

120 1831 236 1887 Salduba
248 1830 349 1884 flumen
363 1831 409 1895 ait,
425 1831 472 1884 sed
488 1843 558 1886 certe
571 1832 632 1884 Pto·
675 1833 740 1887 oola
761 1851 860 1884 nomen
882 1831 968 1884 iecere
988 1833 1104 1897 Malaga.
1126 1829 1187 1882 Haec

120 1910 205 1984 lemaei
218 1911 264 1963 lib.
273 1910 317 1977 11,
330 1929 389 1983 cap.
403 1917 435 1974 4,
454 1909 568 1963 {adaiae
580 1924 629 1965 est.
675 1925 745 1968 recte
759 1911 839 1964 Hand.
852 1912 939 1964 minus
952 1923 1039 1962 autem
1049 1922 1121 1962 recte
1139 1908 1190 1961 ad-

121 1989 258 2055 Quidam,
283 2009 350 2061 quos
376 1991 446 2042 inter
469 1990 584 2042 Ortelius
606 2001 633 2042 et
673 1992 750 2045 tiucit
759 1992 812 2044 buo
823 2010 942 2056 amnem,
955 1992 1184 2057 Gaadalqaivirejo,

120 2069 283 2132 Potamou,
302 2069 392 2140 oppidi
414 2081 517 2120 tantum
535 2068 631 2121 Saldu·
676 2071 731 2124 eive
742 2073 785 2122 riu
797 2074 913 2139 grande:
937 2087 997 2121 nam
1011 2069 1080 2120 inter
1094 2067 1186 2119 urbem

120 2149 174 2211 baa,
188 2166 241 2201 non
259 2148 350 2211 fluvii,
367 2148 411 2201 hic
422 2147 573 2202 meminisse
583 2148 633 2200 Pli·
676 2153 781 2216 trulega
792 2162 817 2202 et
829 2167 934 2212 amnem
951 2140 1185 2214 Guadalqieivirejo,

120 2226 309 2281 niumvolunt.
323 2227 371 2281 Et).
676 2227 750 2281 aliud
768 2228 866 2280 flumen
884 2245 937 2278 non
950 2227 1030 2293 longe
1048 2244 1063 2277 a
1081 2229 1187 2294 Malaga

159 2305 202 2359 25.
220 2310 339 2374 Oppidum
348 2309 414 2358 Suel.
426 2307 490 2357 Sive!
497 2306 524 2358 iu
534 2307 632 2359 Anton.
676 2307 705 2360 in
717 2308 854 2359 Internum
867 2323 941 2358 mare
953 2304 1060 2366 influit,
1079 2304 1123 2355 cui
1137 2321 1185 2355 no·

121 2383 213 2439 Itiner.
223 2397 362 2450 vocatum,
377 2404 408 2437 ex
419 2404 472 2456 quo
483 2404 544 2437 sane
557 2385 633 2438 fluxit
673 2405 738 2438 men
753 2388 950 2437 Guodalmedina
961 2395 1018 2436 est:
1033 2386 1185 2449 Guadalqui-

120 2467 191 2530 Sive,
210 2464 282 2535 quod
298 2465 327 2516 in
344 2463 435 2518 chiffl.
447 2477 474 2516 et
487 2465 514 2515 in
525 2465 633 2536 quibus·
676 2468 750 2532 virejo
767 2477 855 2517 autem
875 2464 959 2516 amnis
980 2461 1085 2514 duobus
1104 2461 1202 2513 ferme.

68 2606 71 2611 .
121 2541 182 2596 dam
201 2543 260 2596 aliis
278 2544 352 2597 MSS.
364 2557 472 2596 auctore
485 2544 582 2606 Laetio,
595 2544 632 2596 le·
675 2544 756 2597 leucis
770 2563 785 2595 a
805 2548 915 2610 Malaga
928 2541 1018 2594 distat.
1032 2541 1105 2592 Vino
1116 2539 1185 2592 inter

121 2622 201 2692 gitur,
212 2621 286 2674 haud
300 2621 383 2675 dubie
395 2620 538 2685 mendose,
548 2641 632 2694 quum
675 2623 764 2677 omnia
773 2621 986 2694 praestantissimo
997 2619 1079 2671 hodie
1091 2619 1186 2671 nobilis

120 2701 177 2754 haec
187 2700 286 2772 oppida
294 2702 390 2757 referat
401 2702 471 2753 Mela
483 2701 529 2753 lib.
546 2702 590 2764 ΙΙ,
605 2723 630 2756 c.
675 2715 714 2757 eat
727 2703 800 2774 regio
813 2701 865 2753 illa.
879 2699 970 2752 Haan.
984 2710 1009 2750 et
1022 2698 1074 2749 Eu.

123 2798 156 2832 2:
172 2779 310 2843 «Abdera,
320 2780 394 2844 Suel,
408 2780 485 2845 Hexi,
500 2779 632 2847 Maenoba,
672 2823 677 2830 .
712 2801 755 2851 ²7·
771 2784 884 2831 Maeaoba
894 2799 948 2830 cum
955 2779 1045 2848 fluvio.
1060 2777 1149 2829 Dalec.
1160 2786 1187 2829 et

120 2858 235 2922 Malaca,
246 2858 378 2922 Salduba,
393 2859 523 2929 Lacippo,
534 2859 632 2912 Barbe-
674 2861 763 2914 Elzev.
779 2873 804 2912 et
816 2860 968 2911 o'Anvrnnn
981 2857 1008 2907 in
1026 2875 1124 2927 mappa
1139 2873 1186 2908 sua

123 2939 180 2990 aula
192 2964 221 3003 ι,
235 2953 294 3006 aut,
305 2953 333 2992 ut
345 2940 389 2991 alii
402 2939 494 3009 legunt
505 2943 631 2992 Barbe'snl.
676 2945 792 3004 Menoba,
801 2957 850 2991 noa
864 2949 950 2990 autem
964 2935 1130 2997 Strabonem,
1142 2934 1185 2986 cui

122 3020 184 3084 Quo
196 3030 284 3075 autem
296 3018 322 3070 in
332 3019 391 3071 loco
401 3018 479 3071 situm
494 3017 574 3070 fuerit
585 3039 632 3091 op·
675 3021 721 3073 lib.
732 3019 783 3081 111,
793 3038 820 3088 p.
836 3023 897 3081 144,
909 3013 1036 3079 Μαίνοὲα,
1048 3026 1074 3066 et
1086 3013 1184 3066 Melam

121 3096 216 3168 pidum
226 3097 296 3157 Suel,
307 3097 552 3149 nonsatisconstat.
564 3098 632 3150 Sunt
675 3099 724 3153 loc.
739 3100 782 3149 cit.
798 3097 1019 3165 Harduinumque
1039 3093 1122 3145 secuti
1142 3111 1184 3145 su·

121 3177 168 3247 qui
191 3175 258 3229 illud
283 3195 339 3228 esse
361 3177 455 3228 volunt
479 3179 578 3228 Castillo
600 3183 632 3229 de
674 3198 743 3231 mus.
758 3177 901 3229 Ptolemaeo
913 3171 1031 3232 Μάνοῧα,
1047 3171 1182 3224 mendose.

121 3260 269 3323 Fuengirola
281 3254 387 3317 vicum,
402 3274 456 3306 non
466 3268 587 3325 quatuor,
602 3270 631 3308 ut
674 3257 781 3316 Fluvio,
805 3256 891 3327 inquit
919 3252 1001 3305 Hard.
1027 3269 1123 3303 nomen
1145 3264 1184 3303 est

120 3334 158 3385 ait
172 3334 256 3388 Hard.
275 3333 322 3387 aad
337 3353 386 3387 aex
403 3334 485 3386 leucis
501 3339 630 3403 aMaIaga
673 3337 753 3390 hodie
763 3339 805 3386 Fiu
808 3338 878 3402 frio,
895 3353 941 3386 seu
955 3331 1066 3402 frigidus
1080 3331 1182 3389 amnia:

120 3410 276 3475 distantem,
294 3414 425 3483 istamque
438 3413 587 3482 opinionem
600 3414 629 3465 in
673 3415 773 3488 oppido
787 3421 885 3472 Turres,
900 3432 944 3466 seu
962 3412 1057 3464 rectius
1071 3416 1182 3468 Tortor,-

119 3491 629 3562 mappasuaaequivideturu'Aavrnau.
673 3495 825 3548 n’Anvrunn
843 3490 937 3544 urbem
952 3497 1111 3562 Almuaepar,
1127 3507 1184 3540 esse

120 3569 628 3642 InscriptiovetusapudReines.p.141,
673 3573 810 3627 contendit
836 3570 910 3624 haud
933 3571 1011 3640 longe
1029 3588 1045 3621 a
1071 3568 1183 3619 flumine

119 3647 268 3699 Mvarmmo
282 3649 450 3715 Svunrraao,
468 3649 512 3701 hic
524 3664 629 3721 reperta
672 3658 716 3704 aio
730 3658 809 3705 Verde
822 3649 991 3722 dicto,quod
1002 3648 1040 3701 sic
1054 3648 1181 3699 Maenobae

119 3739 248 3797 erutaque
262 3739 315 3789 est,
334 3727 380 3780 sed
398 3729 461 3782 ficta
479 3741 505 3782 et
523 3748 626 3794 recens,
672 3731 1181 3795 fluviusesset3Mannertusautemeam

117 3818 226 3858 auctore
237 3805 318 3859 Hard.
332 3807 377 3878 qui
386 3809 517 3861 Ortelium
527 3809 629 3880 plures·
676 3815 749 3862 Velez
759 3816 863 3878 Malaga
877 3809 911 3862 ad
925 3808 1035 3860 flurium
1046 3807 1181 3877 cognomi·

117 3903 170 3956 que
181 3885 245 3938 alios
256 3897 362 3938 secutus
372 3888 434 3941 Suel
444 3887 508 3951 hod.
522 3891 625 3951 Molina,
670 3909 733 3942 nem
747 3908 802 3943 esse
813 3902 901 3962 putat;
915 3907 996 3960 quam
1005 3886 1112 3958 quidem
1123 3885 1181 3960 opi-

52 4028 57 4034 ·
116 3976 176 4027 aut,
191 3975 221 4016 ut
236 3964 264 4016 iu
278 3966 381 4038 mappis
394 3968 511 4039 reperio,
527 3971 627 4021 Castillo
670 3969 776 4023 aionem
790 3968 935 4041 sequimur.
947 3967 996 4018 En.
