2648 4830
195 370 244 452 24
460 371 499 437 C.
528 370 701 439 PLINII
728 370 838 437 ΝΑΤ.
867 367 998 437 HIST.

192 497 311 587 Osset,
321 499 412 593 quod
427 503 682 595 cognominatur
694 501 781 570 iulia
791 501 1001 571 Constantia:
1012 500 1224 592 Vergentum
1231 484 1267 586 ⁸⁵,

189 606 281 699 quod
306 592 415 674 tutii⁸⁷
437 608 566 677 Genius
590 635 597 677 :
622 610 768 702 Orippo,
798 611 927 691 Caura,
956 608 1099 676 Siarum.
1129 604 1267 674 Fluvius

189 698 385 799 Menoba⁸⁸,
400 714 513 808 etipse
527 739 546 782 a
563 714 680 783 dextro
697 714 799 784 latere
814 714 1002 784 infususAt
1014 713 1101 780 inter
1113 714 1268 782 aestuaria

189 821 308 906 Baetis,
327 818 489 914 oppidum
503 821 659 890 Nebrissa
668 807 705 909 ⁸⁹,
720 823 919 917 cognomine
928 821 1091 898 Veneria,
1113 833 1148 888 et
1165 816 1265 888 Colo·
1308 894 1312 905 ¹

231 1001 278 1054 86.
290 1001 446 1070 Vergentam.
457 1000 534 1054 MSS.
540 1000 702 1071 surgentium.

189 1078 305 1132 Laturus.

234 1161 280 1229 87.
295 1158 358 1211 Iulii
378 1159 489 1213 Genius:
503 1160 616 1231 Orippo,
637 1160 704 1214 Cau·

192 1258 238 1304 ra,
267 1239 373 1292 Siarum.
406 1237 450 1292 Sic
486 1240 578 1292 locum
605 1240 704 1306 istum,

189 1314 264 1372 baud
277 1319 331 1372 scio
344 1336 379 1371 an
391 1331 480 1382 recte,
492 1320 607 1373 restituit
621 1320 704 1373 Hard.

192 1417 278 1470 quum
292 1411 368 1450 antea
377 1399 405 1450 iu
414 1399 489 1452 libris
500 1399 626 1452 omnibus
636 1400 707 1471 lege·

190 1491 266 1531 retur
275 1478 340 1530 Iulii
354 1477 466 1543 Genitor,
479 1479 564 1549 Hippo
577 1479 708 1532 Caurasia·

164 1587 166 1595 ·
192 1577 253 1610 ram.
267 1559 306 1611 Ut
312 1557 497 1624 Athenienses,
507 1557 610 1629 inquit,
621 1557 706 1612 aedem

191 1637 304 1708 Augusti
319 1637 415 1701 Genio,
429 1637 555 1690 Suetonio
565 1651 646 1703 teste,
658 1636 706 1691 de-

192 1716 327 1784 dicarunt,
341 1717 379 1770 sic
392 1716 486 1772 urbem
499 1736 574 1770 suam
581 1719 707 1789 Vergen·

192 1788 279 1851 tensei
292 1799 343 1850 sub
358 1796 440 1849 Genii
458 1797 567 1851 Caesaris
581 1798 663 1851 tutela
677 1817 706 1852 ac

191 1874 319 1948 praesidio
334 1877 509 1930 collocarunt.
526 1908 566 1919 -
585 1878 707 1950 Orippo,

193 1958 228 2011 ab
236 1958 376 2010 Antonino
389 1969 563 2022 memoratur,
573 1957 601 2009 in
610 1958 707 2012 itinere

193 2056 210 2089 a
222 2034 343 2090 Gadibus
362 2035 532 2102 Cordubam,
551 2037 585 2089 ab
603 2037 707 2109 Hispali

194 2134 233 2170 1x.
254 2134 288 2167 u.
310 2134 378 2186 pass,
406 2118 447 2168 De
473 2116 518 2168 illa
539 2117 636 2182 etiam,
657 2135 707 2169 nec

185 2214 250 2252 ‚non
260 2194 295 2251 de
307 2196 393 2248 Caura
403 2195 504 2256 mentio
514 2196 545 2247 fit
555 2195 628 2265 apud
640 2204 707 2267 poe·

195 2286 249 2327 tam
262 2274 415 2345 antiquum,
425 2276 457 2326 A.
469 2275 570 2334 Holum
582 2276 708 2341 nomine,

195 2367 259 2407 ortu
268 2352 507 2424 Burdegalensem,
517 2373 596 2425 quem
609 2357 706 2409 Tama·

194 2434 279 2504 yusin
287 2436 402 2505 Martyr.
409 2432 519 2504 Hispan.
531 2460 543 2482 ι
553 2434 604 2488 Hic
611 2436 708 2501 Caura,

194 2514 293 2567 Sauros
310 2525 423 2567 ostentat
443 2512 549 2584 Orippo
563 2516 680 2567 colonos.
693 2540 703 2561 ι

195 2593 325 2646 Preterea
340 2593 370 2645 in
380 2611 492 2644 nummo
504 2607 592 2646 vetere
602 2612 709 2658 exsere,

195 2671 268 2744 apud
275 2672 703 2743 D.Foucsuurlegiturln1sro.-

175 2752 228 2806 „In
250 2752 303 2804 alio
329 2749 401 2823 apud
424 2757 452 2805 P.
471 2752 595 2819 Jonunr,
610 2753 709 2824 legitur

195 2832 300 2886 Canas.
310 2862 351 2873 —
358 2834 399 2885 De
407 2831 482 2884 Siara
488 2831 604 2904 denique
613 2833 708 2885 memi-

194 2911 236 2964 nit
249 2911 382 2965 Gruterus
397 2930 458 2983 pag.
468 2912 542 2977 803,
555 2913 708 2983 inscriptio-

195 3009 243 3044 nes
256 2991 376 3044 referens
391 2992 512 3062 lapago,
524 3011 604 3061 quem
617 2991 707 3045 Sarra·

195 3073 269 3123 ratim
281 3083 373 3139 vocat,
388 3083 489 3135 erutas,
508 3071 537 3123 in
549 3091 614 3142 agro
628 3072 708 3126 Utre-

195 3152 267 3205 rensi
284 3170 291 3206 :
309 3150 601 3204 Onno.Srsna1ss1uu.
626 3151 708 3222 Apud

194 3230 294 3284 Roder.
325 3230 442 3295 Carum,
467 3230 516 3284 lib.
531 3233 589 3297 111,
616 3232 708 3302 Antiq.

194 3311 296 3383 Hispal.
313 3330 372 3383 cap.
391 3328 441 3362 20:
453 3310 636 3364 Srsnausrum.
648 3312 709 3363 Mu·

748 999 832 1054 Hard.
844 1002 881 1054 ob
893 999 921 1053 id
935 1000 964 1053 in
973 997 1097 1072 pluribus
1108 1016 1210 1064 errans,
1220 998 1266 1052 sed

748 1081 962 1152 septemtrionale
991 1091 1037 1132 est.
1063 1079 1152 1132 Caura
1169 1079 1265 1132 *etiam

748 1180 826 1214 suum
851 1179 951 1213 nomen
973 1176 1079 1212 servare
1104 1157 1216 1211 videtur
1234 1159 1264 1210 in

751 1239 834 1306 Caria,
847 1238 882 1294 ad
898 1239 1022 1292 dextrum
1032 1237 1111 1291 Betis
1124 1239 1209 1304 latus,
1219 1239 1265 1312 tri·

748 1320 799 1372 bus
814 1319 933 1373 aSeailla
947 1319 1039 1372 leucis.
1056 1319 1109 1371 Eu.

791 1403 838 1455 88.
858 1400 960 1453 Flatrias
979 1397 1086 1452 Mariaba
1117 1410 1144 1448 et
1169 1400 1220 1468 ipse
1249 1419 1265 1450 a

750 1480 835 1531 dextro
843 1479 1024 1544 latereiajusas.
1032 1477 1174 1530 Siclocum
1183 1479 1265 1531 istum

750 1577 782 1611 ex
792 1559 913 1612 editione
926 1560 1046 1611 Romana
1061 1557 1125 1609 anni
1145 1564 1219 1627 1470
1240 1571 1264 1619 et

750 1639 886 1692 Parmensi
916 1635 1068 1691 emendavit
1095 1635 1264 1702 Harduinus,

750 1736 834 1788 quum
847 1718 935 1772 caeteri
946 1736 1039 1770 omnes
1058 1716 1122 1769 libri
1135 1734 1200 1768 cum
1213 1719 1263 1769 Da·

750 1798 881 1868 leeampio
892 1797 1049 1850 exhiberent
1063 1814 1070 1849 :
1084 1796 1186 1849 Flavias
1201 1796 1263 1848 Ma-

751 1877 824 1940 noba,
846 1878 914 1929 Baeti
928 1888 953 1928 et
972 1881 1021 1948 ipsa
1046 1895 1062 1926 a
1086 1877 1172 1928 dextra
1189 1877 1262 1928 latere

752 1960 859 2025 iasasus,
884 1954 958 2027 quod
973 1975 1022 2027 ego
1036 1956 1160 2021 mallem,
1174 1974 1264 2026 quam·

750 2038 791 2091 vis
815 2037 888 2090 idem
905 2035 1061 2089 Harduinns
1082 2033 1265 2089 demonstrare

749 2117 850 2170 nitatur
861 2116 980 2169 Plinium
990 2116 1036 2168 hic
1049 2114 1200 2187 significare
1218 2134 1265 2168 vo·

752 2198 831 2249 luisse
862 2195 975 2249 fluvium
1002 2196 1076 2248 hunc
1101 2194 1265 2258 Menobam,

752 2295 832 2348 quem
842 2273 925 2328 hodie
936 2276 984 2328 tta
994 2333 996 2338 ,
1005 2274 1139 2329 Gaadaiete
1152 2293 1208 2327 esse
1224 2273 1265 2327 di·

751 2357 800 2421 cit,
812 2375 868 2408 non
876 2355 951 2420 Baeti,
964 2353 1010 2407 sed
1024 2352 1127 2425 oppido
1138 2353 1216 2407 Siaro
1224 2355 1264 2408 vel

753 2435 845 2489 Siariis
866 2434 935 2505 agris
952 2433 1075 2500 infundi,
1096 2444 1127 2485 ut
1145 2434 1265 2505 superius

752 2513 821 2575 dixit
843 2513 877 2567 de
898 2514 964 2567 Baeti
979 2533 986 2567 ε
999 2515 1101 2567 Baeticae
1113 2517 1220 2583 primum
1236 2514 1265 2566 ab

755 2595 909 2664 Ossigitania
933 2595 1034 2661 infusus.
1055 2590 1109 2646 Sed
1133 2606 1265 2665 perpetuo

753 2693 843 2730 errore
864 2674 984 2728 laborare
1003 2672 1173 2726 Harduinum
1187 2692 1266 2726 nemo

752 2753 844 2808 videre
854 2773 910 2806 uon
921 2766 1023 2825 potest,
1037 2752 1086 2824 qui
1104 2752 1150 2806 hic
1166 2752 1267 2818 etiam,

752 2846 784 2887 ut
801 2836 854 2905 jans
875 2832 957 2886 modo
977 2832 1109 2898 diximus,
1141 2830 1265 2886 dextrum

753 2913 831 2967 Baetis
853 2914 922 2975 latus
934 2933 984 2984 pro
999 2912 1106 2966 sinistro
1122 2912 1206 2964 sumit
1225 2913 1267 2966 in·

753 3006 861 3063 cautus,
883 3011 968 3064 quum
990 2992 1104 3045 fluvium
1121 2992 1267 3045 Menobam

753 3074 801 3130 llio
819 3074 954 3134 Gaudelete
968 3071 1050 3125 hodie
1068 3089 1123 3124 esse
1140 3071 1266 3126 affirmat.

754 3153 840 3206 Nobis
865 3148 952 3206 autem
976 3151 1073 3204 fluvius
1094 3151 1142 3203 iste
1160 3150 1268 3205 videtur

754 3251 816 3284 eum
831 3252 886 3285 esse
895 3232 947 3304 'qui
960 3230 1054 3284 dextro
1077 3231 1160 3284 latere
1173 3231 1203 3283 in
1214 3232 1269 3285 Βεε-

753 3311 802 3363 tim
816 3311 923 3377 incidit,
932 3330 985 3383 quo
1003 3315 1063 3363 loco
1077 3310 1155 3362 Baetis
1166 3311 1224 3381 ipse
1239 3311 1269 3365 in

194 3391 708 3462 tstctrrusrdegitum-Harumautem
754 3389 809 3449 duo
835 3391 944 3444 brachia
973 3388 1127 3454 dividitur,
1153 3389 1268 3444 insulam

193 3470 303 3524 urbium
339 3471 404 3524 situs
434 3469 589 3540 ignoratum
619 3488 708 3542 neque
753 3489 835 3541 quam
867 3470 949 3524 hodie
973 3471 1025 3523 Isla
1045 3471 1131 3539 Major
1151 3469 1268 3540 Hispani

193 3549 265 3601 enim
294 3549 435 3603 Harduino
462 3549 580 3602 assentiri
599 3568 708 3620 possum
752 3562 865 3616 vocant,
878 3551 1055 3621 amplexurus.
1072 3549 1124 3602 Eo.

144 3650 147 3655 ·
193 3630 240 3700 qui
250 3629 309 3681 illas
324 3631 430 3682 sinistro
440 3629 518 3681 Baetis
529 3629 609 3682 latere
618 3630 706 3699 impo·
794 3634 840 3699 89.
864 3630 979 3684 Nebrissa
1001 3626 1084 3681 hodie
1106 3629 1220 3699 Lebnija‚
1248 3631 1270 3683 si

192 3709 249 3774 nit,
273 3727 359 3779 quum
375 3727 406 3761 ex
428 3709 491 3779 ipsis
513 3709 594 3761 Plinii
620 3709 708 3762 verbis
751 3700 1266 3779 Marianamlib.l‚Histllispcap.3,

193 3808 223 3841 ea
236 3788 335 3841 adverso
347 3802 410 3841 etc..
424 3800 462 3839 ,ετ
477 3793 525 3858 ipse
538 3809 554 3839 a
574 3788 659 3841 dextra
673 3791 707 3841 la·
752 3802 779 3842 et
792 3792 892 3842 Anton.
908 3789 1107 3842 Nebrissensem
1127 3786 1271 3854 audimus;

194 3881 255 3920 tere·
268 3902 275 3915 .
288 3867 703 3939 .easdextrositasfuissepateat.
751 3886 903 3940 quanquam
923 3868 987 3921 urbs
1008 3867 1053 3919 illa
1074 3886 1146 3919 nunc
1165 3887 1181 3920 a
1200 3869 1270 3922 Baeti

192 3949 323 4001 Dextrum
333 3960 421 4001 autem
434 3948 505 4000 latus
515 3968 569 4000 non
580 3947 705 4002 meridio·
749 3964 782 4000 st.
801 3967 870 4019 pass.
891 3968 908 4001 v
924 3961 951 4000 et
972 3948 1006 4000 ab
1023 3949 1079 4018 ejus
1098 3947 1168 4002 ostio
1187 3967 1220 4000 xx
1243 3961 1272 4001 et

192 4028 266 4090 nale,
294 4043 324 4082 ut
348 4048 403 4083 non
429 4029 509 4087 semel
533 4029 561 4080 in
582 4029 652 4082 notis
667 4029 703 4089 ait
733 4029 863 4100 ¹amplius
886 4027 974 4082 distet.
1005 4025 1087 4093 Quod
1105 4045 1170 4081 vero
1191 4026 1271 4082 addit
