2648 4830
196 353 241 399 ιο
454 334 492 401 c.
521 335 703 402 Ριιιιιι
730 335 841 404 uir.
872 292 1003 403 ur'sr.

190 461 269 530 llu'
240 459 330 531 ιιιιιι
334 447 506 598 ²:littqs¹³
523 465 671 535 Corense
689 464 854 535 inflexo
829 490 925 549 smu;
948 464 1043 557 cujus
1061 488 1102 533 ex
1121 464 1261 535 adverso

155 593 171 626 s
193 567 324 649 Gades,
342 566 445 635 inter¹
447 554 596 641 “insulas
616 571 773 641 diceudae.
795 573 1065 641 Promontorrum
1077 557 1249 645 lunonis
1252 624 1262 655 ,

191 688 307 768 portus
320 661 505 769 Baesippo
507 677 683 772 .Oppida:
698 677 848 765 Belon¹⁷,
862 663 1046 747 Mellaria¹¹
1058 675 1206 765 3freturn
1223 702 1262 744 ex

229 867 269 903 ra.
282 852 359 902 Boerr‘r
368 851 468 919 fluvius.
489 850 569 904 Nune
592 855 706 905 Gradat-
750 852 802 907 viri
820 852 847 905 iu
870 851 1055 923 geographicis
1075 852 1156 904 rebus
1182 869 1263 922 supra

190 933 270 998 quirit
281 947 313 981 ex
334 928 445 983 arabicis
463 932 600 984 vocabulis
621 935 708 988 Wadi·
749 931 848 985 famam
857 932 975 987 accurati
986 949 1018 985 ao
1026 929 1181 1001 diligentes,
1194 929 1263 985 iuter

189 1005 334 1077 al-quibir,
360 1026 419 1078 qun
440 1007 556 1064 fluvium
581 1029 707 1082 maguum
748 1009 837 1063 Gades
850 1023 876 1064 et
890 1011 1007 1081 Calpen,
1023 1010 1210 1080 promontorio
1219 1011 1264 1066 Juz

190 1086 353 1159 significant.
370 1089 422 1139 En.
749 1091 828 1143 nonis
838 1089 1021 1161 Busipponem
1036 1088 1156 1160 affigant.
1171 1088 1265 1144 Haan.

229 1168 272 1220 13.
280 1169 353 1218 Ιίιιιιι
363 1171 476 1219 comme.
484 1167 560 1221 MSS.
572 1170 637 1241 aeg.
648 1187 672 1231 1,
683 1188 708 1232 ι,
749 1200 783 1212 -
792 1168 977 1222 Hallncinatur
985 1180 1074 1221 autem
1082 1167 1139 1237 ipse
1148 1166 1264 1221 Hardui·

188 1244 455 1300 uocauerachiffl.
463 1249 610 1299 Coronam.
622 1247 708 1301 Littus
749 1265 818 1311 nus,
841 1266 926 1319 quum
936 1250 1119 1318 Busippouem
1129 1248 1264 1306 Μενεσθέως

191 1324 236 1391 id,
254 1324 342 1396 inquit
361 1324 475 1378 lierda
492 1327 558 1380 Bmti
576 1345 656 1379 amne
673 1326 708 1380 ad
750 1329 826 1398 Διμὴν
842 1345 857 1380 a
873 1327 1016 1380 Ptolemaeo
1025 1326 1116 1380 vocari
1135 1326 1181 1379 ait.
1195 1327 1263 1382 Num

190 1407 237 1456 uto
246 1407 382 1456 Guadalere
395 1405 560 1476 porrigitur,
574 1405 620 1457 ubi
631 1405 709 1475 oppi·
750 1404 822 1459 huno
829 1419 940 1478 portum
947 1419 1010 1459 ante
1017 1406 1131 1460 sunonis
1137 1422 1263 1477 promon-

190 1481 258 1537 dum
274 1488 300 1535 S.
317 1489 400 1534 Lusor
416 1487 448 1535 de
465 1487 616 1536 Barameda.
639 1483 709 1536 Mihi
749 1486 848 1540 torium
863 1485 1002 1551 nominat,
1022 1485 1089 1539 dum
1104 1484 1174 1543 infra
1188 1483 1263 1535 sitam

190 1574 281 1616 autem
295 1561 342 1614 illo
353 1562 462 1615 nomine
483 1563 649 1636 designatum
667 1563 707 1617 vi·
751 1563 831 1618 fuisse
842 1566 1024 1636 Busipponem
1037 1563 1206 1617 manifestum
1216 1575 1263 1615 est.

191 1639 272 1693 detur
288 1639 364 1692 littus
383 1639 450 1693 illud
463 1641 536 1711 quod
553 1643 588 1694 ab
605 1641 708 1714 oppido
750 1643 832 1697 Nobis
841 1645 988 1698 Menesthei
996 1656 1090 1715 portus
1096 1641 1178 1695 hodie
1184 1643 1263 1695 Batia

191 1724 255 1772 Boia
272 1719 307 1773 ad
328 1722 423 1774 urbem
445 1726 520 1774 cadiz
540 1722 707 1794 porrigitur,
750 1727 782 1775 dr
798 1727 874 1778 cadiz
887 1743 944 1778 esse
960 1724 1080 1786 videtur,
1099 1734 1129 1774 ut
1153 1733 1208 1774 not.
1231 1720 1262 1774 13

190 1800 281 1854 sinum
290 1801 366 1853 illum
375 1802 506 1865 ambiens,
520 1803 568 1875 qui
576 1802 708 1855 veteribus
749 1801 869 1856 diximus.
883 1803 935 1857 En.

191 1883 328 1932 Menesthei
337 1897 439 1949 portur,
459 1882 649 1935 recentioribus
662 1899 708 1934 au·
787 1900 829 1951 17.
844 1886 930 1934 Belou.
955 1880 1116 1944 Ptolemaeo,
1139 1878 1191 1931 lib.
1211 1878 1262 1951 ΙΙ,

192 1969 246 2010 tem
259 1963 341 2012 Balio
354 1964 384 2012 de
402 1965 481 2014 Cadiz
497 1973 609 2015 vocatur
631 1972 657 2013 et
678 1961 705 2013 iu
749 1980 808 2033 cap.
824 1970 840 2028 4
855 1979 863 2014 :
881 1961 997 2019 Βαίλωνος
1015 1965 1125 2028 ποταμοῦ
1145 1956 1262 2020 inerrat,

191 2056 273 2110 quem
297 2039 386 2092 influit
405 2043 451 2090 Ilio
474 2045 621 2092 Guadalece.
644 2042 707 2093 Haec
749 2042 840 2094 Βαίλων
874 2042 965 2102 otta:
992 2039 1130 2092 Marciano
1156 2056 1263 2109 quoque

149 2149 152 2155 ·
191 2118 275 2170 verba
288 2119 380 2189 irfiexo
393 2122 449 2169 sinu
462 2119 652 2189 sequentiaque
661 2139 707 2169 ou·
721 2158 723 2163 ·
749 2120 854 2173 Heracl.
868 2139 928 2190 pag.
952 2137 994 2189 7⁰·
1007 2117 1151 2187 Stephano,
1166 2117 1261 2186 Βιλὼι,

183 2199 230 2265 jus
254 2217 288 2250 ex
317 2201 419 2249 adverso
444 2203 527 2249 Gades
551 2198 708 2251 sententiam
749 2200 816 2260 πόλις
832 2199 875 2252 aad
890 2200 999 2268 ποταμὸς
1019 2205 1060 2256 τῆς
1075 2202 1199 2258 Βαιτικῆς,
1214 2207 1262 2247 etc.

193 2287 336 2340 meam,=ut
346 2290 413 2347 puto
423 2317 431 2342 ,
443 2276 615 2330 confirmant.
626 2277 679 2330 En.
749 2291 810 2353 post
818 2280 986 2343 Strabonem,
998 2279 1045 2331 lib.
1057 2279 1098 2329 111
1108 2295 1187 2347 ,pag.
1204 2282 1261 2339 ι4ο.

229 2364 270 2420 ι4.
283 2359 471 2409 Interiusular.
486 2356 548 2408 Lib.
562 2357 612 2416 IV,
624 2375 648 2409 e.
662 2358 706 2409 36.
750 2361 839 2412 Ηιιιιι
857 2388 893 2400 -
913 2358 995 2412 Belou
1021 2368 1109 2410 autem
1132 2354 1263 2426 oppidum

229 2435 270 2489 ιδ.
287 2438 398 2487 Junouir.
420 2436 497 2487 Nunc
517 2438 586 2489 coho
603 2438 634 2484 de
650 2439 709 2485 Tra·
749 2437 831 2491 hodie
858 2455 913 2490 non
942 2438 1047 2505 Tarifa,
1073 2447 1103 2487 ut
1122 2435 1263 2488 voluerunt

183 2515 283 2582 faigm.
292 2516 448 2577 ptolemeo,
472 2515 518 2566 lib.
533 2516 561 2567 11
573 2532 655 2586 ,.cap
668 2521 706 2578 4.
749 2516 834 2569 Hard.
848 2516 991 2586 pluresque
1004 2514 1101 2567 Plinii'
1094 2525 1261 2582 interpretem
1286 2508 1288 2523 ¹

189 2594 356 2665 ἀκρωτήριον,
370 2589 422 2646 ἐν’
407 2596 482 2662 psal
483 2614 494 2653 ς
508 2585 582 2664 llpur.
749 2595 810 2657 sed,
822 2593 1226 2651 utanimadvertithAnvrnnn
1238 2603 1262 2642 et

230 2676 270 2746 46.
285 2680 372 2724 Portus
386 2677 506 2741 Baesippo.
519 2671 607 2725 Hodie
623 2675 706 2740 Vq'er,
749 2675 806 2745 ipsa
818 2673 935 2726 nominis
946 2671 1094 2726 similitudo
1108 2671 1263 2734 conlirmat,

128 2760 133 2778 ¹
189 2753 265 2822 juxta
278 2752 428 2805 aestuarium
446 2752 520 2823 quod
542 2763 633 2823 portus
649 2750 708 2803 elti-
750 2757 872 2816 Boionia,
893 2753 940 2824 qui
959 2751 1065 2824 quidem
1085 2752 1160 2803 locus
1181 2749 1262 2802 hodie

189 2831 227 2884 cit
244 2831 316 2883 etin
335 2831 637 2902 quodinfluitparvum
657 2829 707 2883 flu·
749 2833 869 2886 desertus
894 2844 950 2897 est;
971 2831 1072 2883 flumen
1096 2841 1201 2889 autem,
1229 2828 1262 2883 de

190 2928 252 2963 men
262 2912 370 2962 Barbam
378 2911 490 2964 dietum.
500 2912 577 2964 Melo
586 2929 708 2984 quoque,
750 2931 805 2984 quo
818 2911 976 2963 Ptolemaeus
997 2909 1133 2970 meminit,
1153 2909 1263 2979 exiguus

190 2991 237 3044 lib.
250 2993 295 3054 ΙΙ,
316 2996 403 3061 capii
418 3010 425 3044 ι
440 2995 542 3060 Besippo
552 2997 588 3043 ad
601 2994 703 3044 Iunonis
747 3005 787 3044 eat
802 2991 903 3043 rivulus
916 2988 1082 3042 occidentem
1094 3006 1197 3047 versus,
1217 3006 1263 3057 per

186 3085 312 3141 promont.
329 3088 363 3123 ex
381 3089 435 3142 quo
452 3071 605 3143 intelligitur
619 3072 703 3123 hallu·
749 3090 830 3143 quem
854 3071 882 3122 in
904 3089 978 3123 mare
993 3087 1022 3122 se
1043 3079 1169 3121 exonerat
1186 3067 1263 3139 palus

189 3152 291 3204 einutos
304 3168 361 3203 esse
379 3151 451 3203 viros
465 3150 564 3222 alioqui
577 3150 703 3203 eruditos.
748 3159 853 3219 Lagrena
862 3153 893 3200 de
906 3154 931 3200 Ia
944 3153 1029 3199 landa
1041 3146 1123 3198 hodie
1138 3146 1226 3208 diota,
1240 3147 1261 3199 si

189 3230 349 3283 Rodericum
373 3230 487 3293 Curum,
506 3231 553 3300 qui
578 3231 622 3283 lib.
641 3231 703 3294 111,
747 3231 890 3282 Mannerto
904 3226 1053 3291 credimus,
1069 3226 1263 3297 cujusopiuio·

190 3311 279 3382 Antiq.
305 3308 407 3380 Hispal.
431 3328 491 3380 cap.
520 3309 573 3374 48,
595 3321 705 3381 portum
748 3328 810 3362 nem
827 3309 986 3360 confirmant
1008 3304 1144 3357 Ptolemaei
1164 3306 1263 3368 verba,

190 3388 373 3460 Baesipponem
396 3405 452 3440 esse
470 3388 599 3440 existimat
616 3396 704 3440 Puerto
748 3408 808 3461 quae
820 3389 913 3440 urbem
927 3387 990 3437 citra
1004 3382 1119 3448 flumen,
1135 3384 1263 3436 orientem

189 3471 223 3518 de
244 3473 268 3517 S.
293 3471 405 3529 Maria,
437 3465 472 3519 ad
500 3467 597 3519 ostium
622 3467 706 3520 amnia
750 3486 854 3532 versus,
866 3481 944 3519 sitam
955 3464 1036 3518 luisse
1045 3462 1161 3516 indicare
1172 3462 1264 3517 viden

188 3550 350 3598 Gradalet'e:
361 3557 386 3599 et
395 3546 504 3599 Hieron
517 3546 631 3600 Suritam
642 3545 707 3619 ,qui
750 3559 802 3600 tur.
815 3547 867 3599 En.

190 3625 409 3698 Basilippouem,
434 3625 517 3678 hodie
545 3629 703 3686 Carsulano
790 3627 831 3678 18.
843 3624 977 3682 Mellaria5
986 3623 1081 3689 fiotum
1094 3639 1126 3670 ex
1139 3582 1264 3670 Atlantico

189 3723 274 3777 supra
282 3703 409 3775 Hispalim
421 3703 454 3757 ad
465 3706 573 3757 boream
584 3705 708 3796 positum,
751 3723 822 3755 marr
810 3706 871 3757 De
880 3698 945 3752 illis'
936 3719 990 3772 Jam
1000 3699 1118 3770 superius
1127 3698 1185 3750 fuse
1195 3697 1265 3748 dixi·

190 3804 254 3839 uum
270 3783 322 3836 hoe
334 3783 493 3854 Bmsrppone
504 3798 640 3836 maritimo
659 3803 708 3856 op·
753 3801 821 3835 mus.
836 3779 955 3831 Mellaria
972 3778 1107 3831 Marciano
1120 3776 1224 3828 Heracl.
1216 3794 1263 3845 ..p

192 3863 259 3936 pido
273 3862 429 3914 oonlundit·
422 3863 708 3933 ,quumdisertisver-
755 3880 803 3928 70,
810 3860 1006 3931 Ptolemaeoque
1019 3859 1069 3911 loe.
1083 3856 1128 3909 eit.
1142 3856 1264 3926 Μινλαρίιι

192 3945 232 3997 bis
245 3943 316 3995 Mela
338 3943 517 4014 Pomponius,
536 3942 705 4014 Pliniusque,
752 3941 856 3994 dicitur.
871 3939 922 3990 En.
