2648 4830
121 371 164 440 8⁴
381 370 420 437 C.
448 368 622 436 PLINlI
650 365 759 436 NAT.
787 366 918 433 HlST.

118 501 250 596 Oppida
270 501 383 568 omnia
401 485 561 567 numero⁴
582 521 702 568 cnxxv.
724 500 764 566 In
779 483 839 565 iis⁵
858 495 995 565 coloniae
1005 519 1057 582 tx,
1078 497 1185 563 muni-

118 610 204 702 cipia
223 630 308 691 vm,
331 590 445 675 Latio⁶
466 604 646 698 antiquitus
674 603 795 672 donata
823 626 929 690 xxix,
960 602 1111 670 libertate
1132 626 1186 687 vr,

117 714 241 782 foedere
266 733 329 799 111,
354 711 565 807 stipendiaria
583 733 647 780 cxx
656 710 679 778 ⁷.
704 713 755 779 Ex
779 710 830 777 his
856 709 957 803 digna
981 721 1186 794 memoratu,

152 892 178 950 4.
205 888 312 936 Numero
328 887 448 938 CLXXV.
465 881 507 938 Sic
520 881 630 935 Martin-
675 879 851 944 deducerent,
873 891 902 932 ut
913 898 941 934 ea
952 878 1099 933 incolerent
1111 880 1186 941 loca,

116 979 184 1026 nus,
198 962 313 1024 lib.V1‚
326 979 383 1032 cap.
395 960 429 1013 de
443 957 585 1032 Hispania,
599 979 628 1031 p.
676 961 804 1009 Coloniam
814 959 962 1010 vocabant:
976 962 1135 1026 Municipium
1145 977 1187 1010 ve·

117 1042 168 1094 203
179 1078 187 1104 ,
205 1041 319 1112 librique
327 1058 427 1093 omnes.
674 1059 720 1104 ro,
732 1060 815 1113 quum
825 1042 876 1094 loci
887 1043 997 1113 alicujus
1005 1042 1138 1114 indigenis
1145 1042 1188 1113 jus

153 1122 178 1174 5.
191 1128 221 1172 ln
233 1123 263 1171 iis
277 1123 381 1172 coloniae
389 1125 438 1172 IX.
453 1119 585 1172 Numeros
597 1134 631 1170 ex
674 1119 741 1172 illud
758 1120 892 1186 italicum,
915 1122 957 1175 vel
979 1123 1077 1174 civium
1101 1138 1189 1174 roma·

117 1199 173 1252 fide
189 1197 343 1252 eorumdem
368 1197 491 1250 codicum
515 1195 630 1248 restitui·
674 1216 787 1262 norum,
801 1198 897 1270 dequo
908 1201 1022 1270 egimus,
1040 1199 1189 1253 communi·

117 1297 195 1332 mus:
206 1278 520 1348 Colonioe1xetfoederem
529 1292 631 1346 ,quum
676 1288 777 1329 carent.
787 1279 958 1350 Ampliabant
966 1294 1054 1333 autem
1065 1279 1189 1340 Romani,

118 1358 193 1430 prius
205 1368 266 1410 octo
280 1368 383 1409 tantum
394 1355 521 1418 colonie,
534 1353 631 1406 foedere
676 1354 927 1429 adstringebantque
946 1359 1072 1412 arbitratu
1086 1360 1189 1431 sunjus

117 1436 215 1490 donata
229 1447 331 1490 tantum
351 1434 449 1508 oppida
467 1433 522 1486 duo
540 1451 631 1485 cense-
677 1446 703 1486 et
716 1436 893 1490 immunitates
911 1455 968 1500 eas,
990 1450 1021 1490 ut
1040 1444 1134 1490 auctor
1153 1448 1190 1490 est

117 1524 225 1567 rentur:
234 1513 263 1566 id
271 1512 344 1584 quod
351 1531 412 1566 oum
420 1512 555 1583 superiore
562 1529 632 1562 snm·
676 1514 803 1579 Tacitus,
817 1517 913 1568 Mual.
925 1517 972 1568 lib.
988 1517 1036 1570 xl.
1048 1516 1121 1582 Quin
1135 1517 1191 1588 ipse

117 1611 164 1645 ma
174 1592 337 1664 oppidorum
347 1591 456 1645 omnino
468 1608 551 1644 onxxv
563 1601 631 1643 stare
677 1593 745 1645 Plin.
755 1594 867 1647 coloniis
880 1594 1040 1666 quibusdam
1049 1598 1093 1667 jus
1108 1595 1191 1648 ltalia

118 1672 219 1744 nequit.
233 1671 317 1724 Porro
331 1669 365 1723 de
376 1671 541 1724 coloniarum
555 1672 632 1723 onte}
678 1683 782 1727 tantum
797 1691 968 1740 conoessum,
981 1674 1038 1727 aliis
1049 1675 1133 1726 solam
1143 1674 1192 1726 im·

119 1769 268 1824 nouumque
289 1753 350 1823 jure
376 1749 434 1803 haec
459 1749 556 1821 accipe.
570 1749 633 1801 Post
677 1755 835 1805 munitatem
855 1752 988 1806 utributis
1005 1752 1112 1816 innuit,
1131 1771 1190 1825 cap.

118 1829 279 1884 diuturnum
290 1831 389 1883 bellum
400 1831 513 1883 Romani
525 1829 633 1882 Latinos
677 1828 758 1904 hujus
779 1830 841 1884 libri
861 1832 948 1885 tertio.
969 1831 1118 1902 Municipia
1137 1833 1191 1886 suis

119 1925 171 1980 pro
184 1909 260 1963 sociis
269 1921 295 1963 et
304 1909 395 1962 amicis
408 1909 457 1961 sibi
475 1907 612 1962 adscivere
624 1927 633 1974 ;
678 1909 804 1962 vivebant
814 1911 916 1982 legibus
936 1923 962 1963 et
979 1911 1104 1964 institutis
1118 1929 1126 1964 ε
1139 1912 1192 1964 Co-

120 1986 184 2040 duto
200 1991 273 2060 jure,
291 2001 321 2044 ut
336 1989 363 2039 in
376 1986 447 2039 bello
465 1988 582 2040 romanis
596 1986 634 2038 le·
678 1988 757 2042 loniaa
765 1990 890 2043 romanis.
903 1989 964 2042 Suis
975 1990 1192 2063 quoqueoppida

120 2067 244 2136 gionibus
253 2068 378 2143 permixti
388 2066 546 2130 militarent,
559 2079 586 2118 et
597 2066 635 2117 ibi
679 2069 803 2121 libertate
812 2068 909 2121 donata
920 2087 927 2120 ε
938 2069 984 2125 sed
991 2087 1078 2142 neque
1088 2069 1190 2133 italico,

120 2145 636 2217 anagistratusofficiaquegerere,etho-
679 2165 769 2217 neque
797 2148 898 2200 civium
925 2166 1097 2201 romanorum
1131 2150 1192 2220 jure

121 2243 201 2278 nores
213 2225 335 2296 accipere
346 2223 482 2277 communi
500 2226 560 2296 jure
574 2241 635 2294 pos·
681 2225 847 2296 gaudebant,
866 2245 983 2299 quorum
996 2226 1122 2279 alterutro
1134 2247 1192 2283 mu-

123 2317 200 2358 sent:
212 2304 259 2357 sed
273 2323 327 2356 non
341 2306 430 2356 Romae
449 2303 539 2355 tamen'
548 2316 636 2374 petere
681 2305 778 2377 nieipia
791 2305 949 2359 fruebantur
968 2325 975 2360 :
989 2324 1021 2359 ea
1039 2325 1102 2360 vero
1115 2310 1193 2358 libera

122 2383 298 2455 magistratus,
308 2381 636 2453 autgerereiisdemliouit‚
682 2389 792 2453 oppida,
816 2398 841 2438 et
859 2388 941 2438 libem
956 2389 1103 2437 conditionis
1116 2404 1193 2438 voea-

123 2461 635 2533 utapertissimePliniusdocet,l.VII,
682 2464 1192 2535 bantur.Foederataerant,quibusoum

123 2560 183 2616 cap.
193 2545 306 2608 433nec
316 2540 593 2613 repugnatAsconius,
603 2540 637 2594 de
683 2544 802 2616 populus
825 2562 951 2596 romanus
975 2542 1059 2595 foedus
1083 2537 1192 2605 inierat,

122 2641 176 2693 quo
186 2623 325 2692 Sigonium
335 2619 395 2673 vide
412 2657 420 2683 ,
443 2618 477 2672 de
489 2620 569 2690 antiq.
578 2623 638 2691 jure
683 2640 797 2694 quorum
810 2623 882 2675 cives
893 2641 921 2675 se
933 2621 1084 2684 foederatos,
1095 2623 1191 2684 socios,

121 2701 303 2767 Italiae,lib.l,
316 2719 374 2770 cap.
390 2706 422 2764 l,
436 2719 461 2770 p.
479 2703 537 2754 123.
552 2701 638 2771 Atque
683 2702 776 2754 fratres
794 2700 886 2772 populi
899 2701 1002 2753 romani
1022 2702 1193 2771 cognomina-

123 2779 152 2831 id
159 2783 202 2852 jus
210 2779 332 2851 quidem,
340 2779 401 2850 quia
411 2780 512 2832 Latinis
520 2781 560 2851 pri
564 2799 636 2832 mum
683 2780 794 2844 bant,ut
804 2780 837 2832 de
846 2781 970 2834 Arvernis
980 2781 1072 2833 Galliae
1081 2783 1195 2853 populis,

123 2877 297 2923 concessum,
315 2862 360 2928 jus
385 2861 450 2909 Latii
466 2858 638 2928 appellatum.
683 2860 837 2931 Hednisque
848 2859 1009 2921 dicemus,l.
1019 2862 1071 2925 IV,
1090 2880 1148 2932 cap.
1162 2862 1192 2913 3²

122 2938 184 2989 Post
207 2949 296 2989 tamen
321 2950 346 2991 et
371 2929 491 3008 suffrbgii
514 2938 542 2988 in
564 2938 639 2990 Urbe
684 2951 709 2992 et
723 2940 765 2992 33.
783 2940 907 3010 Denique
921 2936 1095 3010 stipendiaria
1110 2951 1194 3000 erant,

122 3015 228 3069 ferendi
237 3055 244 3078 ‚
252 3016 639 3089 creandiquemagistratusda-
682 3037 740 3089 quae
748 3019 862 3087 vectigal
874 3017 1029 3088 penderent,
1038 3035 1085 3068 seu
1095 3018 1195 3069 tributo

123 3095 147 3147 ri
160 3095 211 3147 sibi
225 3098 269 3169 jus
287 3097 475 3166 postularunt,
489 3106 572 3166 utque
590 3113 639 3165 pro
682 3095 811 3149 solvendo
824 3097 941 3149 obnoxia
955 3096 1051 3149 forent.
1061 3095 1195 3148 Hiran.-

124 3174 225 3227 civibns
245 3175 361 3227 romanis
380 3173 517 3244 puricum
538 3173 637 3226 ceteris
682 3173 866 3226 Vid.etiamin
874 3184 961 3225 nostra
973 3173 1058 3224 Taciti
1066 3171 1194 3235 editione,

122 3256 182 3325 jure
189 3253 530 3324 haberentur.lmpertitum
538 3253 638 3306 etillud
682 3262 747 3304 tom.
762 3253 821 3314 IV,
836 3269 896 3321 pag.
912 3255 980 3319 473,
1001 3250 1030 3301 in
1043 3251 1196 3302 excursibus

124 3332 402 3404 deindepraerogativa
411 3332 523 3406 quadam
532 3332 637 3403 populis
681 3329 824 3382 Variorum
835 3327 871 3381 nd
883 3328 931 3379 lib.
949 3328 1045 3379 Annal.
1063 3327 1119 3390 XI,
1131 3328 1197 3399 quid

124 3412 226 3482 aliquot
245 3412 357 3474 exteris,
370 3430 438 3483 aegre
449 3424 548 3476 tamen,
561 3429 638 3464 voca·
682 3407 716 3462 de
726 3411 787 3481 jure
807 3407 891 3473 Latii,
907 3407 1064 3477 eivitateque
1073 3425 1197 3468 romana,

124 3501 235 3562 tumque
241 3494 545 3560 juscivt'umromanouem.
552 3492 636 3543 Vetus
681 3490 743 3560 jure
754 3488 915 3554 Quiritium,
931 3489 993 3558 jure
1005 3485 1111 3546 italico,
1125 3487 1197 3538 colo·

124 3573 240 3640 verojus
249 3569 431 3623 addiscrimen
440 3569 551 3640 hujusce
560 3569 636 3631 novi,
681 3567 748 3632 niis,
768 3565 936 3637 municipiis,
962 3566 1067 3636 populis
1088 3564 1197 3627 liberis,

117 3651 162 3716 jus
181 3652 307 3716 antiquum
323 3652 400 3711 Latii,
415 3662 440 3702 et
452 3649 557 3717 Latium
570 3646 636 3700 anti·
681 3645 832 3706 foederalis,
852 3645 1033 3709 immunibus,
1049 3642 1198 3714 stipendia·

124 3731 205 3794 quitus
215 3727 317 3781 dictum
330 3739 385 3781 est:
397 3727 544 3798 datumque
564 3727 637 3781 idem
680 3724 726 3776 riis
737 3724 806 3776 dicat
816 3723 961 3776 Broterius.
971 3723 1022 3774 En.

121 3815 165 3884 jus
184 3807 265 3878 longo
284 3819 344 3877 post
366 3809 485 3878 tempore
509 3806 638 3858 universas
718 3806 742 3856 6.
755 3806 836 3855 Latio.
851 3805 998 3872 LegeLatio
1005 3804 1079 3874 jure,
1091 3802 1198 3855 ntinlra

124 3887 224 3949 Italian
238 3884 310 3938 unde
323 3886 442 3938 italicum
451 3886 498 3958 jus
513 3884 565 3938 dici
584 3904 638 3938 coe-
684 3902 740 3954 cap.
751 3884 776 3936 3.
786 3884 889 3934 Dauno.

125 3978 210 4038 ptum.
226 3966 315 4030 Quum
330 3967 418 4030 cives,
436 3961 569 4019 militesve
585 3964 638 4017 alio
718 3981 744 4034 7.
759 3965 831 4014 CXX.
842 3962 932 4015 Daleo.
948 3963 1018 4015 CCX.
1033 3958 1082 4012 En.
