2648 4830
168 352 217 422 28
433 352 472 418 C.
501 351 674 421 P'LINII
702 352 811 421 NAT.
841 353 974 419 HIST.

166 509 226 554 ora
243 483 390 551 venienti
410 506 516 576 prope
531 483 720 552 Maenobam
743 507 876 551 amnem
895 497 929 551 et
942 484 1052 576 ipsum
1069 481 1240 577 navigabi-

167 590 251 678 lem,
268 588 359 658 baud
378 588 496 682 procul
513 588 667 659 accolunt
684 586 937 684 Alontigiceliffi
955 587 1109 682 Alostigi.
1208 614 1214 639 ι

116 729 150 763 ιο
220 698 305 786 Quae
320 709 430 765 autem
451 697 543 826 regio
556 720 577 763 a
592 699 671 766 Baeti
690 696 732 765 ad
751 696 890 765 fluvium
906 696 1014 763 Anam
1029 694 1139 763 tendit
1150 708 1240 763 extra

166 801 341 898 praedicta,
360 788 533 871 Breturia¹3
555 801 788 941 appellaturs
780 829 814 871 m
832 802 915 871 duas
931 801 1037 870 divisa
1055 815 1184 896 parteS,
1199 814 1240 869 to

166 908 335 1003 tidemque
350 923 486 1002 gentes:
503 897 679 978 Celticos¹¹
696 935 772 1039 qui
743 909 973 977 Lusitaniam
989 910 1175 1002 attingunt,
1190 909 1241 975 Hi-

166 1013 327 1109 spalensis
346 1029 558 1084 ccnventus:
571 1000 772 1085 Turdulos¹⁵
775 1041 865 1110 ,qui
856 1015 1089 1083 Lusitaniam
1111 1028 1145 1083 et
1162 1016 1240 1082 Tar·

169 1145 386 1190 raconensem
409 1120 615 1210 accolunt,
603 1147 680 1215 Jura
689 1067 922 1191 ¹⁶Cdrdubam
944 1134 1074 1214 petunt.
1098 1118 1242 1189 Celticos

167 1226 399 1298 aCeltiberis¹⁷
410 1253 451 1297 ex
464 1231 494 1297 Ι
495 1231 636 1298 usitania
650 1228 822 1297 advenisse
834 1226 1046 1296 manifestum
1056 1240 1106 1295 est
1111 1229 1242 1313 ,sacris',

169 1333 299 1428 lingua,
319 1334 520 1428 oppidorum
542 1335 731 1421 vocabulis,
748 1360 822 1429 quae
844 1333 1131 1426 cognominibus
1121 1359 1158 1417 tn
1177 1337 1241 1402 Bae·

169 1443 236 1510 tica
254 1440 524 1534 distinguuntur:
546 1428 679 1510 Seriae¹⁸
702 1441 857 1534 adjicitur
876 1443 978 1508 Fama
995 1438 1105 1508 Julia:
1122 1441 1242 1510 Nerto-

212 1714 261 1748 ιι.
276 1695 451 1765 Alantigiceli,
472 1695 592 1766 Alostigi.
607 1694 683 1748 MSS.
729 1713 786 1760 sus,
797 1695 1072 1766 septemtrionalisque
1082 1713 1144 1766 pars
1154 1695 1246 1767 Hispa·

172 1776 236 1845 Reg·
251 1785 277 1829 et
294 1774 373 1828 Colb.
385 1776 510 1846 Alontigi,
530 1774 685 1844 Caelilostigi.
730 1774 809 1827 lensis
824 1775 917 1846 regni,
931 1776 1015 1847 lleyno
1027 1776 1057 1827 de
1067 1774 1168 1828 Smilla.
1183 1776 1233 1828 En.

172 1854 264 1908 Chiffl.
278 1854 398 1925 Alastigi.
412 1854 686 1926 Alontigicelosjuxta
774 1857 819 1906 16.
840 1855 903 1907 lara
927 1855 1073 1908 Cordubam.
1100 1854 1171 1909 Sunt
1193 1855 1243 1908 lori

171 1936 268 1988 urbem
292 1935 434 2005 Frigiliana
457 1935 535 2005 ponit
561 1935 684 1998 Samson,
731 1947 932 2005 conventusque
953 1933 1144 1988 Cordubensis.
1162 1935 1246 1987 H.-

173 2015 306 2085 Alostigos
320 2028 407 2068 autem
417 2017 492 2085 juxta
504 2014 687 2084 Almagia,in-
731 2013 819 2066 Scribi
852 2015 943 2067 malim
975 2014 1107 2076 Corduba,·
1134 2013 1247 2084 perinde

168 2107 213 2166 ,ter
228 2094 333 2163 Malaga
349 2107 376 2146 et
391 2095 539 2165 Antequera.
553 2095 606 2147 En.
730 2111 846 2163 namque
856 2108 894 2147 est
903 2106 981 2163 atque
990 2094 1011 2146 si
1021 2093 1158 2147 Turdulos
1168 2095 1247 2148 hosce

217 2173 261 2226 13.
275 2174 398 2226 Baeturia.
409 2175 541 2244 anroupia
553 2172 688 2238 Straboni,
732 2173 783 2225 lori
804 2171 985 2226 Cordubensis
1006 2192 1061 2226 esse
1081 2171 1192 2226 dixisset
1204 2186 1248 2226 aut

173 2252 222 2304 lib.
233 2254 291 2317 111,
303 2271 362 2323 pag.
381 2258 446 2315 142.
458 2247 539 2304 Nunc
549 2271 645 2322 magna
657 2271 688 2304 ex
731 2265 886 2305 conventus.
901 2255 1003 2305 Denso.
1092 2279 1096 2285 ·

173 2345 249 2405 parte
259 2333 379 2384 Petroclaa
389 2331 496 2397 dicitur,
506 2333 541 2384 ob
551 2344 688 2402 petrarum
776 2350 822 2401 ¹7·
831 2332 857 2384 A
870 2332 1034 2386 Celtiberis.A
1044 2331 1185 2386 Celtiberis
1193 2333 1250 2405 qui·

173 2411 365 2483 frequentiam,
385 2425 449 2465 teste
471 2412 515 2466 Jo.
540 2410 690 2482 Sepulveda
732 2409 811 2476 dem,
833 2413 961 2482 quoniam
982 2410 1148 2484 oppidorum
1169 2431 1249 2466 voca·

175 2489 410 2557 Cordubense,de
421 2492 506 2563 patria
519 2511 566 2544 sua
578 2492 615 2544 sic
625 2492 690 2544 scri·
732 2491 796 2544 bula
824 2491 852 2544 iu
879 2490 1024 2545 Celtiberia
1052 2510 1159 2563 quoque
1186 2505 1248 2546 sunt

174 2571 254 2624 bente
263 2571 298 2624 ad
309 2572 477 2636 Pintianum,
485 2572 531 2624 lib.
541 2572 592 2636 111,
602 2572 687 2642 Epist.
732 2569 820 2643 paria,
833 2571 862 2622 in
876 2571 973 2625 Baetica
989 2572 1195 2642 cognominibus
1207 2569 1249 2624 di·

178 2649 328 2722 455Haan.
733 2650 906 2720 stinguuntur
928 2669 936 2703 ι
965 2650 993 2702 in
1021 2651 1158 2704 Lusitania
1184 2670 1249 2706 vero

220 2736 266 2792 rii.
286 2729 407 2794 Celticos,
428 2734 472 2803 qui
487 2731 638 2782 Lusitaniam
651 2743 691 2781 at·
735 2730 884 2784 Celtiberos
900 2730 1048 2784 consedisse
1062 2732 1152 2802 prius,
1168 2749 1250 2803 quam

176 2813 281 2879 tingunt.
296 2811 348 2863 Eas
360 2809 481 2882 regiones
493 2810 635 2863 incoluisse
649 2811 692 2863 vi·
734 2811 763 2862 in
775 2810 918 2863 Baeturiam
932 2812 1147 2882 commigrarent,
1156 2810 1251 2865 suadet

176 2887 275 2942 dentur
294 2889 405 2955 Celtici,
425 2909 484 2961 quaa
509 2889 580 2943 inter
602 2909 693 2943 amnes
734 2889 847 2961 linguae,
871 2909 1060 2962 sacrorumque
1082 2889 1250 2944 similitudo:

179 2969 359 3042 Guadalquiair
381 2981 409 3022 et
438 2969 570 3024 Gaudiana
588 2972 692 3040 jacent,
736 2982 763 3022 et
775 2969 887 3023 nomina
899 2971 979 3024 etiam
991 2970 1122 3023 nonnulla
1133 2969 1251 3043 oppido·

175 3049 283 3109 circiter
302 3068 387 3120 usque
406 3049 519 3119 Badajoz
531 3049 691 3118 trinitatem
735 3069 797 3104 rum
810 3050 925 3121 gemina.
946 3050 1026 3103 Hunc
1043 3050 1135 3104 locum
1153 3051 1252 3105 frustra

176 3131 279 3190 scilicet
308 3130 464 3186 orientalem
493 3142 597 3200 partem
628 3148 692 3200 pro·
735 3130 882 3182 sollicitant
896 3130 1049 3196 Pintianus,
1063 3143 1089 3183 et
1100 3130 1252 3184 Salmas

177 3211 273 3264 vincia
282 3228 363 3282 quam
372 3209 598 3279 Alentejovocant,
607 3209 695 3262 Estra·
737 3209 822 3262 Solin.
838 3227 899 3280 pag.
903 3229 988 3303 ι79,
1006 3221 1100 3263 contra
1118 3210 1252 3264 librorum

178 3289 296 3347 madurae
314 3291 454 3348 australem
470 3302 591 3360 partem,
610 3307 694 3359 usque
736 3308 859 3340 omnium
870 3307 1042 3343 consensum
1058 3290 1150 3342 Haan.

178 3370 288 3423 urbem
286 3368 425 3440 Badajoz‚
437 3368 694 3439 septemtrionalem·
781 3369 823 3420 18.
838 3367 915 3421 Seria
928 3370 1052 3440 aeljicitur.
1066 3369 1252 3440 subintellige,

179 3448 695 3520 quepartemregniHispalensis,Ilcyno
736 3466 893 3519 cognomen.
917 3449 995 3502 Prius
1013 3449 1160 3520 legebatur,
1182 3448 1253 3502 Seria

179 3529 209 3580 de
221 3528 318 3581 Seuilla.
332 3530 385 3583 Eu.
738 3547 792 3600 quar
800 3528 890 3581 dicitur
901 3530 981 3582 Fama
993 3529 1063 3581 Iulia
1075 3549 1084 3582 :
1096 3529 1125 3581 V
1122 3529 1251 3598 ertehrige,

223 3608 270 3662 15.
289 3609 421 3670 Turdulos,
445 3611 487 3678 qui
507 3608 657 3660 Lusitaniam
671 3620 696 3659 et
741 3608 951 3661 Concordia.....
966 3607 1117 3661 Callensibus
1128 3610 1255 3662 Emanici.

184 3688 385 3739 Tarraconensem
426 3689 545 3741 accolunt.
584 3686 693 3740 Scilicet
739 3687 828 3752 Quam
840 3687 983 3741 lectionem
997 3688 1120 3742 vitiosam
1138 3685 1257 3741 ostendit

181 3769 252 3821 banc
277 3767 418 3820 Lusitaniae
441 3779 469 3819 et
490 3768 696 3820 Tarraconensis
739 3765 843 3820 dissona
861 3787 876 3820 a
897 3768 988 3837 priore
1005 3781 1081 3840 parte
1100 3769 1257 3839 posterioris

181 3859 300 3913 partem,
318 3865 377 3918 quae
397 3844 480 3899 bodie
501 3845 696 3901 Estramadurae
738 3859 868 3900 structura
889 3847 1027 3900 sermonis.
1050 3849 1106 3901 Nos
1129 3846 1255 3901 codicum

179 3939 293 3999 pareest
305 3929 378 3999 juxta
392 3924 524 3998 oppidum
539 3926 613 3999 quod
624 3947 695 3980 nunc
738 3927 803 3997 ling.
826 3946 856 3990 ι,
875 3947 909 3990 a,
929 3928 1005 3981 Colb.
1029 3947 1060 3991 r,
1081 3947 1113 3993 ι,
1128 3942 1155 3980 et
1169 3927 1255 3980 Paris.

180 4007 293 4077 Budajoz
316 4019 428 4070 vocant,
444 4019 533 4059 ortum
553 4007 612 4060 solis
635 4027 695 4060 ver·
739 4005 821 4060 fidem
840 4007 923 4061 secuti
941 4026 1048 4072 sumus,
1064 4021 1092 4061 ut
1113 4009 1168 4061 fere
1185 4009 1256 4062 sole-
