2648 4830
520 377 681 446 amau
707 376 781 443 111.
1142 370 1190 443 25
1289 471 1295 481 ⁸

112 494 405 576 boua⁹⁰.‘Coloniae
418 505 562 594 :Asta⁹¹,
577 533 651 602 quae
659 509 766 602 Regia
782 507 905 575 dicitur
917 530 925 573 :
938 519 973 574 et
986 505 1021 575 iu
1035 505 1190 574 mediter·

114 639 219 683 ranoo
233 610 380 701 Asido⁹²,
400 638 474 708 quae
488 615 685 683 Caesariana.

168 719 316 815 Singulis
327 719 448 789 fluvius
465 721 499 789 in
513 722 635 807 Baetin,
644 745 712 815 quo
725 719 852 789 dictum
864 731 915 788 est
925 717 1058 805 ordine,
1071 720 1190 791 irrum-
1213 734 1229 786 8

115 852 215 921 pens,
236 825 477 920 Astigitauam¹
493 825 658 896 coloniam
674 825 782 911 alluit,
797 827 997 920 cognomine
1006 827 1191 920 Augustam

115 936 280 1020 Firmam,
291 933 334 1001 ab
347 956 387 1002 ea
397 932 602 1027 navigabilis.
613 933 721 1028 Hujus
743 947 929 1002 conventus
943 945 1021 1001 sunt
1036 927 1192 1026 reliquae'

116 1156 203 1211 Hard.
222 1159 312 1212 Altero
324 1159 402 1235 Brutis
415 1163 477 1211 ostio
492 1177 555 1211 naar
570 1158 633 1210 obli·
719 1178 766 1228 9²·
776 1159 868 1225 Asido,
879 1179 933 1231 quoe
944 1158 1095 1213 Coesariaaa.
1108 1158 1192 1215 chiff.

117 1251 197 1303 mato,
222 1238 334 1292 minime
354 1238 495 1309 probabile
518 1237 634 1304 videtur,
680 1238 816 1292 Caesarina.
833 1240 928 1293 Postea
945 1237 1088 1305 Asidonia,
1103 1239 1195 1312 inquit

117 1337 206 1389 quum
229 1318 327 1389 Lebrr‘ja
347 1318 485 1372 montibus
510 1336 525 1370 a
549 1317 633 1375 fluvio
678 1318 762 1373 Hard.
783 1318 893 1372 demum
908 1318 1012 1370 Mediae
1030 1318 1134 1372 Sidonia
1147 1339 1194 1391 ap-

116 1396 261 1451 dividatur.
270 1398 334 1452 Haec
346 1399 427 1452 verba
441 1402 504 1450 inter
519 1401 635 1450 aestuaria
678 1400 792 1471 pellata,
819 1416 916 1452 novem
941 1398 1047 1452 circiter
1071 1398 1153 1453 leucis
1178 1418 1194 1453 a

116 1479 197 1530 Baeta's
214 1476 334 1530 indicare
352 1477 421 1531 mihi
437 1477 566 1536 videntur
578 1478 633 1531 mi·
677 1478 845 1551 supra-dictis
853 1475 971 1550 oppidis,
982 1477 1123 1531 meridiem
1134 1498 1194 1533 ver·

115 1559 179 1611 nori
196 1559 230 1611 ab
247 1558 316 1611 ostio
336 1558 415 1611 Botis
435 1558 574 1611 intervallo
591 1577 634 1614 re·
678 1578 731 1612 sus.
755 1557 840 1612 Addit
856 1556 940 1611 Hard.
962 1558 1035 1611 illam
1055 1559 1193 1629 Ptolemaei

115 1635 278 1708 quirendum
301 1655 356 1690 esse
378 1638 508 1691 Nebrissa
527 1637 634 1703 locum,
678 1629 798 1698 doridos,
812 1637 859 1690 lib.
876 1639 920 1703 11,
936 1657 993 1710 cap.
1007 1644 1037 1703 4,
1054 1656 1195 1703 nonesse,

116 1718 208 1770 forsan
217 1715 292 1770 band
300 1716 380 1788 longe
388 1719 422 1771 ab
431 1718 499 1770 urbe
508 1715 536 1770 S.
543 1719 632 1771 Lurar.
678 1736 737 1789 quae
750 1719 819 1771 inter
830 1718 924 1770 Baetim
936 1719 1074 1789 Anamque
1086 1718 1134 1772 sita
1142 1731 1201 1783 est„

116 1797 150 1850 In
166 1816 280 1850 nummo
294 1795 402 1851 Claudii
416 1799 485 1868 Imp.
506 1808 573 1850 teste
588 1797 634 1849 Li·
676 1800 751 1869 juxta
768 1797 965 1867 Nertobrigam.
977 1798 1030 1850 Eo.
1191 1848 1195 1861 ,

115 1878 211 1947 gorio,
231 1875 278 1930 sed
293 1876 358 1929 falso
372 1877 546 1949 plerumque,
560 1875 633 1948 apud
722 1897 747 1931 r.
762 1879 939 1946 Astigteaaam.
951 1875 1040 1929 Hodie
1051 1877 1137 1947 Ecija,
1151 1877 1194 1931 in·

116 1956 302 2017 Holstenium,
316 1975 377 2028 pag.
397 1960 459 2021 128,
470 1957 558 2027 legere
574 1968 632 2010 est:
679 1968 721 2009 ter
731 1956 877 2028 Hispalim,
889 1967 916 2008 et
932 1954 1098 2009 Cordubam.
1112 1955 1195 2027 Apud

117 2037 256 2090 Conona.
265 2038 410 2089 anma.
420 2037 563 2089 Naanrsss.
577 2039 634 2089 Au·
678 2036 788 2091 Gruter.
806 2054 867 2109 pag.
889 2054 951 2089 ro1.
966 2037 1031 2090 Con.
1045 2037 1118 2090 Ano.
1130 2037 1194 2091 Fra.

117 2134 214 2170 (auara,
226 2117 319 2171 Haan.
333 2128 360 2169 et
374 2117 427 2168 En.
678 2116 764 2188 Astigi
781 2129 885 2189 reperta
905 2116 1053 2189 inscriptio.
1070 2117 1105 2170 Et
1119 2115 1193 2188 apud
1267 2121 1281 2192 J

158 2216 208 2266 9⁰·
227 2198 267 2249 Et
280 2195 412 2249 Colobana.
428 2193 545 2249 Colanica.
557 2195 633 2250 MSS.
677 2197 758 2250 Mart.
771 2195 805 2249 de
820 2198 893 2258 Roa,
906 2196 934 2249 in
950 2196 1013 2251 hist.
1025 2196 1110 2268 Astig.
1126 2196 1192 2250 Con.

121 2277 258 2331 Colobana.
278 2277 369 2329 Daleo.
388 2287 415 2328 et
429 2275 486 2329 Elz.
511 2288 537 2327 et
555 2275 633 2328 Colo·
677 2277 1073 2331 Jua.Auo.F1s.1nnumm0
1087 2290 1192 2342 vetere,

119 2358 198 2423 bona,
217 2357 326 2409 colonia.
347 2354 431 2418 Asta,
450 2367 499 2408 etc.
515 2354 634 2420 Quidam
678 2356 1191 2410 Condsr.AnousrA.-Caveautem

118 2437 199 2490 etiam
218 2436 275 2489 Col.
291 2435 380 2489 Onoba
394 2436 439 2489 hic
457 2435 510 2506 legi
522 2436 633 2505 jubent,
678 2437 811 2489 coloniam
823 2436 893 2489 hanc
907 2434 1057 2489 confundas
1070 2455 1132 2488 cum
1147 2454 1196 2506 op·

117 2515 336 2570 sedalibrorum
347 2515 469 2568 omnium
481 2513 536 2567 fide
548 2513 634 2568 desci-
677 2515 743 2588 pido
765 2515 850 2568 libero
871 2514 957 2586 Astigi
977 2527 1071 2582 vetere,
1086 2513 1121 2568 de
1137 2533 1192 2586 quo

118 2608 198 2650 scunt
214 2609 241 2649 et
253 2595 344 2667 plures
355 2594 474 2648 colonias
487 2595 632 2658 invehunt,
678 2615 741 2649 mox
757 2597 862 2650 Noster.
880 2596 931 2648 En.

119 2689 149 2729 ut
166 2674 255 2730 Hard.
275 2675 328 2739 ait,
346 2694 426 2746 quam
445 2687 512 2747 quot
533 2675 635 2730 Plinius
657 2702 661 2709 ·
722 2695 745 2729 a.
771 2676 881 2746 Reliquae
903 2675 1012 2729 colonia.
1038 2676 1061 2727 E
1083 2673 1196 2728 coloniis

118 2757 286 2826 promiserat.
299 2755 466 2810 Colobonam
482 2765 571 2807 autem
582 2755 635 2808 ho·
678 2774 794 2821 novem,
807 2773 872 2827 quas
885 2755 1057 2826 promiserat,
1067 2757 1120 2826 jam
1130 2773 1195 2826 qua-

119 2835 163 2889 die
182 2854 257 2901 non,
275 2848 307 2888 ut
326 2833 396 2888 uod.
415 2836 499 2889 Carus
512 2834 559 2887 lib.
576 2835 635 2900 111,
678 2848 741 2889 tuor
752 2835 909 2906 appellavit:
921 2834 1087 2900 Cordubam,
1101 2835 1196 2907 Hispa·
1251 2836 1257 2847 ‘

119 2916 212 2987 Antiq.
224 2915 310 2970 Lusit.
329 2933 387 2986 cap.
406 2935 457 2978 aa,
475 2914 525 2978 ait,
541 2915 634 2966 Trebu-
678 2914 743 2980 lim,
756 2915 860 2979 Astam,
872 2911 1031 2979 Asidonem,
1042 2933 1115 2968 nuno
1126 2914 1196 2968 Asti-

116 2997 192 3065 jeaa‚
206 3013 314 3066 quaem
327 3013 360 3048 rt.
369 3013 463 3066 passa
474 2993 551 3047 Betis
566 2995 635 3048 ostio
679 2995 795 3065 gitanam
804 2994 939 3048 coloniam
952 2992 1088 3059 nominat,
1098 2995 1196 3057 Tucci,-

121 3074 213 3141 distat,
228 3073 275 3128 sed
288 3076 417 3138 Borrama,
434 3092 494 3145 quas
506 3072 541 3126 ad
553 3073 634 3145 hujus
665 3065 780 3144 ,Ituceiss
794 3073 887 3128 Attubi
898 3084 925 3126 et
934 3073 1018 3140 Urso,
1031 3092 1091 3144 quse
1104 3091 1197 3126 nume·

121 3154 239 3208 fluminis
256 3155 345 3226 ripam
365 3155 415 3208 sita
434 3165 491 3218 est,
510 3164 537 3205 et
556 3172 636 3228 quam
678 3172 742 3206 rum
752 3172 849 3206 novem
857 3152 1010 3207 conficiunt
1019 3154 1098 3206 Errat
1106 3165 1195 3205 autem

120 3254 220 3288 nomen
230 3234 320 3306 ipsum
332 3233 452 3287 indicare
469 3213 586 3300 videtur,
601 3233 636 3286 li·
679 3232 763 3288 Hard.
787 3231 834 3303 qui
858 3233 887 3291 in
909 3245 974 3287 nota
997 3235 1013 3284 6
1037 3250 1096 3303 pag.
1122 3230 1195 3301 139,

120 3314 215 3370 beuter
226 3332 282 3368 esse
291 3313 408 3368 credam.
420 3315 474 3366 Eo.
680 3312 846 3367 coloniarum
855 3331 999 3371 numerum
1010 3311 1132 3363 incautus
1144 3329 1192 3365 au·

161 3413 211 3464 91.
223 3394 296 3448 Asta.
307 3392 433 3446 Meminit
440 3393 520 3458 Mela,
529 3391 575 3445 lib.
584 3393 636 3459 111,
678 3405 734 3464 get,
744 3412 828 3464 quum
842 3392 912 3446 inter
925 3392 984 3444 illas
998 3391 1094 3444 urbem
1106 3389 1195 3444 Gades

123 3492 180 3546 oap.
199 3493 229 3540 1,
241 3474 412 3538 Ptolomeus,
422 3472 470 3525 lib.
481 3474 523 3538 11,
534 3491 593 3542 cap.
608 3478 635 3539 4,
679 3472 800 3526 nominet
809 3490 889 3543 quam
900 3489 1031 3541 nusquam
1043 3470 1140 3523 Noster
1147 3489 1193 3524 oo·

124 3566 148 3606 et
161 3553 274 3618 Strabo,
285 3554 333 3606 lib.
350 3554 405 3618 ΙΙΙ,
422 3570 482 3625 pag.
503 3557 570 3615 141,
587 3552 635 3624 qui
679 3552 779 3605 lonium
793 3552 921 3622 appellat,
937 3548 984 3602 sed
1000 3549 1048 3604 lib.
1063 3550 1114 3615 IV,
1131 3569 1192 3624 cap.

123 3644 297 3687 eamcentum
304 3631 410 3686 circiter
419 3629 534 3685 stadiisa
545 3631 636 3685 littore
683 3629 729 3696 36,
746 3631 869 3702 Oppidum
885 3633 969 3682 civium
983 3630 1195 3693 Romanorum5in

124 3713 207 3782 ponit.
231 3712 315 3765 Urbis
342 3711 422 3783 hujus
446 3709 544 3764 rudera
568 3710 638 3764 iuter
680 3711 807 3782 quaeipse
821 3706 904 3764 Hard.
917 3709 1102 3764 ·Gaditanum
1115 3712 1196 3782 oppi·
1242 3734 1249 3745 ⁸

128 3793 261 3862 Trebajeaa
287 3802 315 3844 et
333 3792 416 3843 Xerez
437 3790 580 3845 monstrari
601 3792 638 3848 ait
680 3789 747 3846 dum
760 3790 872 3843 civitatis
881 3792 942 3860 jure
956 3788 1086 3843 donatum
1096 3808 1110 3842 a
1121 3790 1138 3842 J
1140 3791 1195 3844 ulio

127 3870 273 3926 Rodericus
285 3872 378 3938 Carus,
386 3871 460 3924 illam
467 3882 556 3923 autem
567 3870 638 3922 Mar·
682 3871 798 3934 cassare,
810 3887 894 3941 quum
909 3870 1063 3941 Hispaniam
1078 3869 1194 3941 subegit,

127 3950 173 4004 tini
196 3949 231 4004 de
254 3953 311 4006 Roa
334 3951 418 4021 ipsam
440 3952 532 4003 urbem
554 3951 636 4003 Xerez
680 3963 775 4002 auctor
796 3962 834 4004 est
847 3951 915 4016 Dio,
929 3962 979 4003 ete.
994 3974 1005 3996 n
1027 3947 1115 4003 Gades
1132 3967 1194 4019 ergo

102 4084 105 4091 ,
128 4048 179 4084 esse
186 4051 240 4085 neo
254 4031 312 4085 sine
325 4030 427 4084 ratione
434 4029 579 4084 contendit.
586 4032 638 4083 En.
682 4033 835 4101 municipium
850 4050 904 4084 non
917 4032 1012 4084 colonia
1026 4029 1086 4083 fuit.
1101 4029 1153 4081 En.
