2648 4830
206 396 251 439 αα
468 372 508 438 C.
538 371 709 438 PLINlI
737 371 848 438 NAT.
878 372 1009 439 HIST.

202 506 247 571 Et
260 504 376 572 dextra
388 488 425 589 ⁷⁶,
437 501 639 590 Corduba⁷⁷,
652 498 782 571 colonia
798 503 947 572 Patriciae
963 504 1163 596 cognomine
1179 503 1279 573 :inde

202 611 347 704 primum
366 608 544 702 navigabili
566 611 657 678 Baeti.
678 609 838 704 Oppida:
861 596 1052 697 Carbula⁷⁸,
1063 612 1219 680 Decuma
1229 610 1276 678 ⁷⁹:

202 716 323 784 fluvius
332 701 358 739 ⁸⁰
377 713 539 809 Singulis,
553 716 669 784 eodem
684 715 780 784 Baetis
798 713 900 784 latere
913 716 1080 786 incedens.

165 864 181 915 7
258 821 392 917 Oppida
405 820 607 916 Hispalensis
624 837 829 891 conventus:
846 821 933 891 Celti
941 809 978 911 ⁸¹,
990 824 1098 909 Arua,
1113 825 1277 909 Canama,

201 1080 297 1131 Onoba
311 1096 458 1149 cognomen
468 1077 650 1141 Martialium,
658 1096 712 1148 quo
758 1089 820 1142 ster,
830 1077 900 1130 inter
912 1077 1023 1131 flumina
1034 1092 1104 1132 certe
1116 1079 1213 1149 positae
1224 1079 1276 1133 fue

200 1160 234 1211 ab
248 1159 344 1211 Onoba
354 1158 499 1222 AEstuaria,
513 1156 547 1210 de
562 1176 615 1229 qua
631 1176 713 1228 supe·
757 1169 839 1222 runt;
856 1158 921 1210 situs
933 1176 996 1211 vero
1010 1158 1156 1229 ignoratur.
1169 1160 1223 1211 En.

200 1239 256 1291 rius
269 1237 399 1302 diximus,
415 1235 624 1303 discerneretur,
640 1233 713 1291 haud
798 1237 843 1289 80.
853 1238 954 1289 Flavius
968 1236 1088 1308 Singulis,
1107 1239 1189 1291 eodem
1197 1239 1273 1291 Baetis

201 1318 278 1370 aliter
297 1319 428 1388 accepisse
446 1315 602 1371 videturne
621 1317 713 1370 Narbo
758 1316 1146 1371 latereinaedeas.Dalec.etElz.
1158 1319 1271 1373 incidam.

201 1397 330 1458 Martius,
348 1399 376 1450 in
391 1397 478 1450 Gallia
496 1397 714 1458 Narbonensi‚a
758 1396 810 1449 ch
835 1410 923 1449 autem
944 1397 1052 1460 fluvius,
1071 1397 1118 1468 qui
1141 1399 1209 1451 lavo
1228 1418 1270 1452 seu

201 1478 311 1544 Martia,
325 1491 355 1531 ut
366 1475 522 1529 Harduinus
532 1476 584 1541 ait,
596 1476 714 1546 legione,
758 1474 928 1529 meridionali
938 1478 1016 1530 Baetis
1025 1478 1116 1538 latere,
1131 1490 1161 1530 ut
1170 1478 1207 1531 ait
1217 1479 1269 1531 No·

201 1576 261 1629 quae
276 1576 307 1610 eo
324 1556 438 1610 deducta
456 1556 563 1609 colonia
576 1568 623 1609 est.
637 1557 716 1626 Igno·
759 1569 820 1622 ster,
829 1555 942 1622 incedit,
952 1556 1034 1614 hodie
1045 1557 1128 1615 Genii,
1143 1576 1191 1610 seu
1201 1559 1274 1610 Xenii

201 1650 279 1692 ratur
297 1648 387 1690 autem
405 1637 486 1707 hujus
507 1633 604 1707 oppidi
623 1635 715 1702 locus,
758 1650 876 1689 vocatur.
891 1637 944 1691 En.
959 1638 961 1641 ’

204 1718 251 1788 qui
264 1716 298 1770 ad
315 1716 418 1769 flumen
434 1714 631 1787 Guadolquirir,
646 1717 715 1770 laevo
802 1717 848 1768 81.
864 1714 944 1779 Celti,
959 1717 1049 1781 Arua,
1063 1716 1188 1783 Canama,
1200 1718 1271 1771 Eric.

203 1799 297 1861 latere,
306 1810 377 1850 certe
388 1793 564 1867 requirendus
576 1809 623 1850 est.
635 1796 686 1847 En.
760 1794 816 1848 Vix
825 1796 895 1866 ullus
909 1808 948 1850 est
959 1797 988 1849 in
1002 1798 1054 1849 hoc
1069 1815 1151 1867 opere
1157 1798 1271 1869 Geogra·

246 1880 292 1947 76.
314 1877 353 1929 Et
373 1877 468 1929 dextra,
489 1877 522 1928 In
542 1875 603 1946 ripa
622 1874 717 1943 fluvii,
761 1875 843 1946 phico
861 1876 936 1930 locus
949 1876 979 1929 in
997 1896 1051 1948 quo
1066 1877 1184 1930 atrocius
1204 1896 1273 1949 gras·

133 2018 140 2042 ¹
204 1975 262 2029 qua
275 1957 495 2028 septemtrionem
510 1967 618 2026 spectat.
633 1957 687 2010 En.
762 1967 816 2008 sata
838 1955 873 2007 sit
893 1957 1114 2028 interpolatorum
1135 1956 1238 2023 libido,
1250 1970 1273 2010 et

245 2057 292 2108 77.
307 2036 435 2100 Corduba,
447 2037 665 2088 coioniaPatricioe
677 2056 718 2088 co·
763 2034 923 2089 emendandi
939 2036 1067 2106 prurigo,
1086 2055 1146 2108 quae
1160 2035 1273 2089 eruditos

203 2121 323 2186 gramine.
339 2116 429 2168 Dalec.
445 2127 472 2168 et
488 2115 545 2167 Elz.
559 2116 654 2167 colonio
665 2116 719 2167 Pa·
763 2114 921 2168 etiamviros
929 2115 1065 2169 interdum
1072 2115 1272 2169 tenet.InMSS.

206 2199 276 2247 tricia
289 2198 469 2265 cognominata.
484 2196 517 2245 In
536 2212 648 2246 nummo
663 2197 719 2247 Au·
763 2194 868 2264 Reg.1,
881 2214 906 2259 2,
917 2195 995 2248 Colb.
1003 2209 1029 2247 et
1037 2196 1118 2249 Paris.
1126 2194 1271 2256 Celtiaraau

204 2276 274 2346 gusti
288 2275 415 2328 Comari
430 2275 571 2327 Parracis.
589 2272 720 2327 Corduba
766 2272 887 2335 Camena,
905 2276 984 2328 AEva.
1003 2282 1035 2326 In
1055 2273 1119 2328 edit.
1138 2282 1273 2341 Romana,

204 2367 294 2408 autem
323 2356 357 2408 ab
385 2353 510 2426 Hispanis
537 2353 616 2406 etiam
645 2372 719 2409 nunc
763 2353 1273 2426 Parm.Froben.Gelen.aliisqueante

207 2434 337 2499 Cardaba,
349 2433 426 2505 regni
438 2432 609 2505 cognominis
623 2445 718 2505 caput,
763 2433 965 2505 Dalecampium
978 2435 1104 2499 Celtiaca,
1116 2435 1146 2486 V
1143 2454 1273 2498 acamaaa,

204 2532 220 2566 a
233 2515 317 2569 Gallis
330 2515 441 2568 Cerdone
452 2525 570 2567 vocatur.
583 2513 636 2566 En.
762 2511 849 2566 Aeria.
858 2513 1006 2567 Numerum
1019 2512 1185 2584 oppidorum
1197 2515 1274 2577 auxit,

244 2597 293 2665 78.
317 2594 435 2648 Carbula.
450 2596 491 2646 Ita
505 2592 581 2645 MSS.
600 2593 666 2663 neg.
686 2611 717 2658 r,
761 2592 1275 2665 immutavitquedeindeDalecampius:

207 2693 240 2740 2,
257 2687 306 2727 etc.
329 2686 357 2727 et
376 2674 404 2731 in
424 2691 536 2726 nummo
556 2672 668 2743 antiquo
685 2690 718 2725 ex
765 2671 875 2737 Celtica,
888 2674 1028 2731 Asanam,
1043 2673 1273 2738 Ariaramneia.

204 2771 271 2818 aere,
286 2752 360 2824 apud
368 2755 398 2806 P.
408 2751 575 2806 Ludovicum
588 2752 717 2805 Ionnare
761 2750 875 2824 Ecquod
888 2753 918 2804 in
935 2753 978 2806 bis
993 2752 1082 2807 verbis
1099 2754 1274 2826 veteristscri-

204 2832 336 2887 Societate
362 2845 468 2897 nostra,
493 2850 637 2898 ciarum,
661 2849 717 2885 non
761 2844 848 2903 ptume
872 2832 1036 2903 vestigium?
1052 2832 1152 2887 Roder.
1175 2835 1276 2899 Carus,

207 2913 322 2968 Carbula.
338 2914 463 2967 Carulam
477 2911 508 2964 in
524 2910 622 2965 Baetica
636 2911 718 2965 habet
761 2911 808 2965 lib.
824 2914 875 2965 111.
893 2913 986 2983 Antiq.
1000 2912 1101 2986 Hispal.
1118 2930 1178 2984 cap.
1197 2915 1228 2979 3,
1245 2915 1276 2976 8,

203 2993 372 3058 Antoninus,
383 2992 429 3046 sed
442 2992 539 3064 Ilipam
548 2990 656 3057 interet
665 2991 717 3044 Hi·
762 3004 789 3045 et
810 2984 827 3061 9
848 2992 927 3062 legit,
948 2993 1058 3058 Celsita,
1069 2991 1176 3058 Arati,
1192 2993 1276 3059 Arra,

202 3073 297 3144 spalim
312 3091 319 3126 τ
335 3091 417 3144 quare
430 3090 486 3124 non
500 3083 540 3125 est
552 3071 632 3142 hujus
643 3071 717 3138 loci,
762 3072 872 3137 Arneai,
896 3073 1019 3139 Mariaba,
1047 3073 1169 3132 Canama,
1201 3074 1274 3128 Aria.

203 3171 357 3225 quanquam
376 3152 452 3206 aliter
463 3150 560 3204 Saritai
571 3150 674 3216 visum,
688 3151 717 3206 in
761 3151 887 3205 Nostram
908 3151 1121 3206 emendationem
1141 3152 1276 3224 potiorem

201 3236 302 3287 Anton.
317 3234 409 3286 Itiner.
421 3250 482 3302 pag.
498 3228 569 3295 562,
583 3243 610 3283 et
616 3229 717 3286 Roder.
760 3231 802 3284 his
810 3231 936 3284 omnibus
946 3250 1001 3285 esse
1012 3251 1067 3285 non
1078 3231 1161 3287 modo
1170 3233 1272 3304 prisco·

202 3314 282 3380 Caro,
292 3314 340 3367 lib.
349 3314 402 3378 111,
411 3313 476 3363 Ant.
483 3310 586 3381 Hispal.
594 3329 616 3363 c.
626 3312 714 3378 49.H.
733 3350 736 3354 .
759 3330 820 3364 rum
833 3310 958 3364 codicum
973 3312 1083 3384 vestigia
1098 3313 1156 3384 ipsa
1171 3314 1273 3368 confir·

241 3413 288 3463 79.
298 3394 416 3445 Decuma.
423 3389 538 3443 lnMss.
548 3391 580 3442 R.
593 3408 618 3455 1,
629 3408 655 3455 a,
665 3403 715 3446 etc.
760 3403 842 3457 mant,
850 3391 894 3444 vix
903 3391 960 3445 ullo
967 3393 1022 3445 lere
1033 3392 1108 3463 apice
1118 3393 1275 3459 immutato,

201 3470 714 3534 Detumo.ForteDetuada,velDetunoa.
759 3469 806 3524 sed
824 3481 851 3524 et
869 3471 1057 3543 inscriptiones
1072 3484 1191 3538 veteres,
1210 3492 1276 3545 quas

200 3553 287 3618 Nam,
308 3565 340 3605 ut
360 3551 492 3604 Barbarus
514 3548 665 3616 adnotavit,
685 3551 715 3602 in
759 3549 842 3603 modo
858 3552 963 3604 allaturi
975 3570 1075 3604 sumus.
1090 3553 1189 3618 Asiati,
1202 3564 1277 3606 certe

200 3632 253 3685 boc
269 3632 328 3702 ipso
340 3631 443 3682 Baeticae
458 3641 557 3693 tractu,
572 3628 642 3682 inter
657 3649 713 3682 me·
757 3642 786 3682 et
798 3631 891 3683 Arucci
901 3631 1093 3702 expunximus,
1108 3630 1184 3703 quod
1196 3630 1230 3685 de
1241 3633 1274 3687 iis

200 3711 350 3764 diterranea
360 3709 547 3762 Turdulorum
557 3708 657 3779 oppida
668 3715 715 3766 Δη-
756 3708 819 3763 libri
838 3728 931 3764 omnes
953 3709 1083 3764 conditivi
1102 3711 1181 3765 silent
1199 3730 1206 3764 :
1225 3712 1276 3766 etsi

199 3787 293 3845 saiada
310 3790 448 3843 aPtolem.
464 3789 628 3854 nominatur,
641 3788 713 3842 haud
757 3809 813 3842 non
829 3809 872 3843 me
890 3791 1008 3860 praeterit
1024 3791 1167 3862 Municipii
1186 3791 1276 3846 Flavii

199 3871 294 3941 procul
303 3869 392 3922 Sacili.
404 3869 494 3922 Haan.
505 3900 546 3913 -
555 3869 643 3921 Urbes
652 3870 714 3922 Car-
757 3869 906 3936 Aratitani,
921 3883 947 3922 et
956 3870 1077 3924 Civitatis
1091 3872 1273 3935 Aruccitanae,

199 3951 262 4004 bula
272 3963 297 4003 et
310 3952 442 4012 Decuma,
456 3967 520 4019 quas
533 3944 624 4001 eodem
635 3949 713 4002 Baetis
757 3947 830 4020 apud
850 3950 1000 4003 Gruterum
1016 3951 1045 4002 in
1065 3952 1191 4022 inscript.
1211 3951 1274 4004 fieri

198 4028 647 4100 lateraquossuviusSingulisponit
656 4030 712 4082 No·
758 4029 934 4096 mentionem,
943 4049 1001 4100 pag.
1016 4029 1070 4093 432
1080 4071 1088 4096 ,
1097 4044 1124 4086 et
1133 4049 1193 4103 pag.
1205 4032 1272 4087 238.
