2648 4830
153 410 171 414 ,.
186 345 246 442 viij
376 345 678 423 PRAEMONITIO
703 346 766 413 AD
791 344 1049 415 LECTOREM.

184 473 309 534 Binan}
328 490 371 532 nu
394 469 544 548 Bootes,
563 467 704 554 quinon
722 483 809 530 totus
827 466 1048 556 geographicae
1066 466 1206 530 scientiae
1223 483 1253 530 et

183 567 293 639 amicis
309 561 503 661 praereptus,
521 566 683 659 superstes
697 569 839 658 q‘uod'arn
853 569 954 634 modo
969 568 1119 634 sibiritit
1135 571 1171 633 in
1188 570 1254 634 filio

183 665 1253 764 mmmmmmfflwfflfflmmmffloemw

184 785 321 847 doctum
346 783 503 845 viatorem
527 782 778 858 PonQuuvrunrr,
800 782 857 869 qui
876 797 925 845 tot
940 780 1011 843 loca
1035 781 1070 842 in
1088 802 1126 843 ea
1141 781 1252 859 saltem

166 902 168 907 ’
185 890 315 954 Graeciae
331 905 440 976 parte,
456 885 594 978 Epirum
610 880 700 969 dico,
715 892 807 968 cujus
821 887 1053 952 accuratiorem
1067 885 1253 974 descriptio·

141 1021 144 1025 ’
183 1016 260 1058 nem
285 991 461 1057 desiderari
485 1008 633 1080 tempore
655 1012 716 1056 suo
737 984 899 1057 fatebatur
924 989 1120 1072 n'Anvrnea,
1151 991 1254 1079 sagaci

111 1162 113 1168 ,
183 1099 293 1162 animo
318 1113 351 1160 et
368 1096 536 1161 indefessis
553 1096 720 1185 laboribus
742 1096 933 1186 recognovit
956 1097 1103 1183 p1imus;
1131 1091 1254 1158 clarum

183 1207 301 1283 Larm,
315 1203 407 1282 cujus
425 1202 590 1292 diligentia
600 1225 706 1292 nuper
716 1202 752 1266 in
766 1204 872 1267 lucem
886 1200 1008 1291 prodiit
1020 1200 1189 1291 magnifica
1201 1201 1254 1264 illa

184 1309 313 1376 Graeciae
331 1330 465 1397 mappa,
484 1331 548 1395 qua
565 1322 632 1371 tam
652 1308 762 1372 multis
781 1306 1001 1397 geographicis
1018 1306 1172 1395 operibus
1190 1308 1254 1370 suis

184 1417 277 1504 quasi
294 1406 645 1502 cumulum'imposuit.
668 1414 800 1502 Neque,
814 1437 919 1501 quum
937 1405 1089 1476 manibus
1106 1412 1254 1475 omnium

183 1536 354 1584 versentur
371 1534 421 1582 tot
437 1519 709 1606 peritissimorum
729 1519 875 1582 virorum
895 1540 1011 1606 opera,
1027 1517 1147 1581 mirum
1164 1533 1213 1581 est
1229 1517 1255 1579 si

183 1648 332 1716 mappas,
347 1648 425 1713 quas
440 1648 500 1714 ego
514 1625 592 1689 huic
604 1625 696 1713 operi
707 1641 817 1713 aptare
829 1625 973 1712 primum
989 1624 1099 1688 animo
1115 1620 1255 1687 destina·

183 1754 309 1814 veram,
329 1754 407 1794 mox
424 1747 461 1794 ut
481 1753 757 1819 supervacaneum
774 1730 871 1793 simul
891 1753 928 1794 ac
945 1720 1155 1793 temerarium
1172 1751 1254 1816 opus

184 1835 315 1927 aggredi
331 1835 582 1924 supersederim.
868 1922 874 1928 Ι

230 1942 288 2023 Hi,
307 1941 410 2005 lector
426 1939 568 2028 optime,
592 1938 726 2003 fuerunt
745 1938 843 2003 duces
865 1941 947 2022 mei,
968 1940 1071 2003 immo
1098 1959 1256 2003 nonnun-

186 2070 286 2137 quam
312 2062 346 2109 et
370 2044 544 2126 adjutores.
569 2043 646 2107 Non
675 2061 784 2108 tamen
807 2044 934 2108 nullum
956 2046 1100 2109 invenies
1123 2046 1255 2126 locum,

159 2169 160 2173 ’
186 2152 365 2240 'praesertim
392 2151 426 2212 in
457 2150 622 2237 prioribus
652 2150 742 2214 libris
774 2150 922 2232 duobus,
953 2174 1020 2238 quo
1052 2151 1254 2232 conjecturas

185 2279 291 2336 meas,
307 2254 460 2317 omnibus
479 2253 704 2319 deficientibus
723 2253 865 2335 auxiliis,
877 2255 945 2342 ipse
961 2277 1143 2343 proponere
1157 2279 1257 2319 ausus

186 2361 323 2442 fuerim,
341 2383 378 2424 ea
397 2376 524 2440 tamen,
550 2375 587 2422 ut
603 2381 708 2446 spem,
728 2358 902 2442 modestia,
920 2384 1009 2448 quae,
1035 2363 1062 2425 si
1079 2384 1133 2425 me
1151 2383 1258 2425 errare

183 2467 391 2549 judicaveris,
404 2464 531 2528 veniam
547 2488 566 2527 a
582 2480 630 2546 te,
644 2465 747 2529 lector
763 2466 941 2548 benevole,
958 2466 1152 2555 impetrandi
1164 2489 1258 2555 spem

187 2574 268 2637 mihi
286 2573 369 2636 facit.
386 2571 493 2653 Quam
511 2593 552 2633 ne
571 2568 740 2634 defraudes
762 2595 888 2659 precor,
908 2589 979 2635 tum
993 2573 1027 2635 in
1045 2574 1126 2654 hoc,
1141 2589 1212 2635 tum
1228 2571 1256 2635 si

187 2677 266 2766 quid
282 2675 371 2741 aliud
387 2673 694 2764 reprehendendum
710 2676 885 2741 offenderis
906 2678 941 2739 in
957 2701 1054 2764 opere
1069 2678 1151 2759 isto,
1166 2677 1258 2765 quod

187 2799 289 2846 totam
318 2780 378 2845 viri
406 2802 458 2843 me
487 2778 642 2843 doctioris
671 2780 770 2844 vitam
795 2781 886 2845 facile
915 2782 1189 2871 consumpsisset,
1222 2800 1256 2846 et

187 2886 279 2976 quod
290 2903 399 2979 tamen
412 2885 497 2948 intra
510 2885 689 2949 triennium
703 2886 846 2968 confeci,
862 2910 931 2950 non
945 2887 1044 2951 semel
1062 2889 1159 2951 etiam
1172 2886 1261 2951 infir·

188 3015 240 3056 ma
257 2989 442 3055 valetudine
459 2989 631 3054 distraetus
647 3013 666 3052 a
680 2991 857 3055 laboribus.
867 3034 870 3039 -
882 2992 972 3056 Inter
988 2990 1153 3079 Excursus
1171 3015 1260 3056 non·

188 3099 314 3179 nullos,
332 3095 452 3183 quibus
470 3095 591 3158 horum
604 3111 747 3182 quatuor
761 3096 921 3160 librorum
933 3099 1004 3161 loca
1018 3096 1167 3185 quaedam
1183 3096 1260 3161 illu·

189 3203 281 3267 strari
293 3217 480 3292 potuerant,
488 3198 571 3263 duos
588 3215 716 3263 tantum
731 3202 827 3290 selegi
834 3200 861 3284 *,
872 3201 911 3264 de
920 3201 1075 3265 mensibus
1082 3203 1260 3290 AEgyptiis,

190 3306 427 3372 etdeParudisi
433 3311 585 3368 terrestris
592 3306 655 3369 situ
663 3321 847 3389 tractantes,
855 3329 897 3371 ne
907 3307 1060 3371 volumen
1069 3307 1133 3371 hoc
1141 3331 1261 3371 secun·

138 3480 145 3488 ,
191 3413 291 3494 dum,
308 3410 399 3499 quod
410 3410 476 3490 jam
491 3409 526 3471 in
542 3425 650 3497 partes
667 3408 810 3498 geminas
827 3412 990 3476 resolvere
1004 3410 1108 3474 coacti
1123 3433 1260 3494 sumus,

190 3517 300 3582 nimiis
317 3515 608 3604 disquisitionibus,
620 3538 728 3602 neque
742 3516 786 3579 ita
797 3517 982 3582 necessariis
993 3532 1165 3582 oneratum
1175 3519 1262 3582 ultra

191 3623 348 3688 'terminos
364 3629 569 3686 excresceret.
577 3621 675 3703 Vale,
694 3621 880 3710 iterumque
895 3623 977 3688 vale.

225 3766 238 3790 *
256 3766 334 3828 Vide,
353 3767 372 3814 si
382 3766 477 3831 placet,
495 3767 527 3815 ad
540 3767 629 3814 calcem
642 3765 700 3814 libri
713 3767 793 3827 sexti,
808 3783 865 3832 pag.
878 3769 938 3828 762.

940 3862 976 3926 F.
993 3861 1170 3925 ANSART.

608 3976 847 4001 -ψ-
