2648 4830
519 368 680 438 mauu
706 368 780 435 111.
1141 364 1189 437 25
1287 464 1294 475 ι

110 484 404 567 ΙοηαψζῦοΙοιιίω
417 497 561 586 :Asta⁹¹,
576 524 650 593 quae
658 501 764 594 Regia
781 497 904 568 dicitur
916 522 924 566 ε
937 512 972 567 et
985 498 1020 568 in
1034 498 1189 568 mediter·

112 629 217 674 rauco
233 601 379 692 Asido⁹²,
399 629 473 699 quae
487 607 684 675 Caesariana.

166 710 314 806 Singulis
326 710 447 780 fluvius
464 713 498 780 in
511 714 633 800 Baetin,
642 737 710 805 quo
724 711 851 780 dictum
863 725 914 781 est
924 710 1057 799 ordine,
1069 713 1188 784 irrum·
1211 728 1228 780 8

113 842 214 911 pens,
234 816 475 911 Astigitanam¹
491 816 657 887 coloniam
672 816 781 903 alluit,
795 820 995 913 cognomine
1004 821 1190 913 Augustam

113 926 279 1010 Firmam,
289 924 333 992 ab
345 947 385 993 ea
395 924 600 1018 navigabilis.
611 925 720 1020 Hujus
742 939 926 994 conventus
941 939 1019 993 sunt
1034 921 1190 1019 reliquae²

113 1146 201 1202 Hard.
220 1149 311 1202 Altero
322 1150 401 1226 Bestia
413 1153 476 1201 astro
490 1169 554 1202 manc
568 1150 631 1202 ohti-
717 1151 867 1220 92.,Ass'do,
877 1172 931 1224 que
942 1151 1093 1206 cesariana.
1106 1151 1191 1210 Chiff.

114 1241 195 1293 mato,
220 1229 332 1282 minime
352 1229 493 1300 probabile
516 1227 632 1295 videtur,
679 1230 814 1284 Coesan'na.
832 1232 927 1286 Postea
943 1229 1086 1298 Asidonia,
1101 1232 1193 1305 inquit

114 1327 204 1378 quum
227 1308 326 1379 Lebrc‘ja
346 1309 483 1362 montibus
508 1327 524 1362 a
548 1308 632 1366 fluvio
676 1310 760 1365 Hard.
782 1310 891 1364 demum
906 1310 1009 1363 Mediae
1028 1311 1132 1365 Sidonia
1145 1332 1192 1384 ap-

113 1387 259 1442 dividatur.
267 1389 333 1442 Haec
345 1390 425 1442 verba
439 1393 502 1441 inter
518 1393 633 1442 oestuarie
677 1392 790 1462 pellata,
817 1409 915 1443 novem
939 1391 1045 1445 circiter
1069 1392 1152 1446 leucis
1176 1411 1192 1446 a

113 1469 195 1520 Baetis
212 1468 332 1521 indicare
350 1468 419 1521 mihi
435 1467 564 1527 videntur
576 1471 631 1522 mi·
675 1470 843 1542 supradictis
851 1468 969 1541 oppidis,
980 1470 1121 1525 meridiem
1132 1492 1192 1527 ver·

112 1549 177 1601 nori
194 1549 228 1601 ab
245 1548 314 1601 ostio
335 1549 413 1601 Betis
432 1549 572 1603 intervallo
589 1568 632 1605 re·
676 1570 729 1603 sus.
753 1550 837 1604 Addit
854 1548 938 1603 Hard.
960 1551 1033 1604 illam
1053 1552 1191 1623 Ptolemaei

113 1625 276 1698 quirendum
300 1646 355 1680 esse
376 1629 506 1682 Nebrissa
525 1628 631 1695 locum,
676 1621 795 1691 desudas,
810 1629 857 1683 lib.
874 1631 918 1695 11,
934 1649 991 1702 cap.
1006 1637 1035 1697 4,
1052 1650 1109 1684 non
1121 1650 1192 1696 esse,

113 1709 205 1761 forsan
216 1706 289 1760 haud
298 1706 378 1778 longe
386 1709 420 1761 ab
429 1709 497 1762 urbe
506 1706 533 1761 S.
541 1710 630 1762 Lucar.
676 1728 735 1781 quae
748 1711 817 1763 inter
828 1711 921 1762 Boetim
934 1712 1072 1781 Anamque
1084 1711 1131 1765 sita
1140 1724 1199 1777 est„

113 1788 147 1840 In
163 1806 277 1841 nummo
292 1786 400 1841 Claudii
413 1789 483 1859 Imp.
504 1799 571 1841 teste
586 1788 632 1840 Li·
674 1792 749 1861 juxta
765 1789 963 1859 Nertobrigam.
975 1791 1028 1842 En.

112 1868 208 1937 gorio,
229 1865 276 1920 sed
291 1867 356 1920 falso
370 1867 543 1939 plerumque,
558 1867 632 1939 apud
720 1888 745 1923 1.
760 1871 937 1938 Astigitanam.
949 1868 1038 1922 Hodie
1049 1870 1135 1941 Ecr'ja,
1149 1872 1192 1923 in·

114 1947 300 2008 Holstenium,
313 1965 374 2018 pag.
395 1951 457 2012 128,
468 1947 556 2018 legere
572 1960 629 2001 esta
676 1959 718 2000 ter
728 1949 875 2020 Hispalim,
887 1960 914 2000 et
930 1947 1095 2002 Cordubam.
1111 1949 1192 2021 Apud

114 2027 254 2080 Cosam.
263 2029 408 2080 Vnms.
418 2027 561 2079 Narmaei.
575 2029 632 2081 Au·
676 2027 785 2083 Gruter.
804 2046 865 2101 pag.
886 2046 948 2082 101.
963 2030 1029 2083 Con.
1042 2030 1115 2083 Auo.
1127 2030 1191 2085 Fut.

114 2124 211 2161 ausas.
224 2108 316 2161 Haan.
331 2119 358 2160 et
372 2108 425 2159 En.
675 2109 761 2180 Astigi
778 2121 882 2181 reperta
902 2109 1051 2182 inscriptio.
1067 2111 1102 2162 Et
1116 2109 1190 2181 apud
1264 2115 1278 2186 ,¹

156 2206 205 2256 90.
225 2188 264 2239 Et
277 2186 409 2240 Colchana.
426 2184 542 2240 Colonia.
555 2187 631 2242 Mss.
675 2189 755 2242 Mart.
769 2188 803 2241 de
817 2190 890 2251 Roa,
904 2189 932 2241 in
947 2188 1010 2244 hist.
1023 2189 1108 2261 Astig.
1123 2190 1189 2244 Cos..

118 2267 255 2321 Colobana.
276 2267 366 2320 Delec.
385 2278 412 2319 et
427 2266 484 2320 Elz.
509 2279 534 2318 et
553 2266 631 2319 Colo·
674 2269 1071 2323 Jus.Aua.F1a.1nnumm0
1084 2283 1190 2336 vetere,

116 2348 195 2413 bona,
214 2348 323 2399 colonia.
345 2345 428 2409 Asta,
448 2359 497 2400 etc.
512 2346 631 2411 Quidam
676 2348 1189 2404 ConAsr.Aususrr.-Caveautem

114 2427 196 2480 etiam
215 2426 272 2480 Col.
288 2426 377 2480 Onoba
391 2427 437 2479 bic
455 2426 507 2498 legi
519 2427 631 2496 jubent,
674 2428 808 2481 coloniam
821 2428 890 2481 hanc
904 2427 1054 2480 confundas
1067 2448 1130 2482 cum
1145 2447 1193 2500 op·

114 2505 334 2560 sedalibrorum
345 2506 466 2558 omnium
478 2504 533 2558 fide
545 2505 631 2560 desci-
675 2506 740 2580 pido
762 2507 847 2560 libero
868 2508 954 2578 Astigi
974 2520 1068 2575 vetere,
1083 2506 1119 2576 de
1134 2526 1190 2578 quo

114 2597 195 2640 scunt
211 2599 238 2639 et
250 2588 341 2658 plures
352 2586 471 2639 colonias
484 2585 629 2649 invehunt,
676 2606 738 2641 mox
753 2588 859 2642 Noster.
876 2589 928 2640 En.

115 2679 146 2721 ut
164 2664 251 2721 Hard.
272 2666 325 2730 ait,
343 2685 423 2737 quam
442 2678 510 2737 quot
530 2666 632 2722 Plinius
654 2694 659 2700 ·
718 2688 742 2721 a.
768 2668 878 2738 Reliquae
900 2667 1009 2722 colonia.
1034 2669 1057 2721 E
1080 2667 1194 2721 coloniis

114 2746 283 2816 promiserat.
296 2746 463 2800 Colobonam
479 2757 568 2798 autem
579 2746 632 2799 bo·
675 2766 790 2812 novem,
804 2765 869 2819 quas
882 2748 1054 2819 promiserat,
1063 2750 1118 2820 jam
1127 2767 1193 2820 qua·

115 2825 161 2878 die
179 2845 253 2892 non,
272 2839 304 2879 ut
323 2824 393 2878 Rod.
412 2826 496 2879 Carus
508 2825 556 2878 lib.
573 2826 632 2891 111,
675 2839 738 2880 tuor
748 2827 906 2898 appellavit:
918 2826 1084 2892 Cordubam,
1097 2829 1194 2900 Hispa·
1248 2829 1255 2840 ‘

114 2905 208 2977 Antiq.
221 2905 307 2960 Lusit.
326 2925 384 2976 cap.
403 2926 453 2969 aa,
472 2905 521 2971 ait,
538 2905 631 2958 Trebu-
675 2906 740 2972 lim,
752 2908 857 2971 Astam,
868 2905 1028 2972 hidonem,
1039 2926 1112 2960 nunc
1123 2908 1193 2961 asti·

110 2988 189 3056 jana,
203 3004 262 3056 quae
269 3005 310 3039 111
324 3003 356 3038 rs.
366 3003 434 3056 pass.
444 3005 459 3038 a
470 2985 548 3037 Baetis
563 2986 632 3039 ostio
675 2987 792 3056 gitanam
801 2985 935 3040 coloniam
949 2984 1085 3052 nominat,
1095 2988 1193 3050 Tucci,

116 3063 210 3131 distat,
225 3064 272 3118 sed
286 3066 414 3129 Bononia,
431 3083 490 3136 quaa
503 3063 537 3117 ad
549 3064 631 3136 hujus
662 3056 777 3136 ι1ῑιιοοίλι,
790 3066 885 3123 Attubi
895 3077 922 3118 et
930 3066 1015 3133 Urso,
1027 3085 1088 3137 quae
1101 3085 1193 3119 nume·

115 3145 236 3198 fluminis
254 3145 341 3216 ripam
361 3145 412 3199 sita
430 3156 487 3210 est,
506 3156 533 3197 et
552 3163 632 3220 quam
675 3164 738 3197 rum
748 3164 846 3198 novem
853 3145 1007 3199 conficiunt.
1016 3147 1095 3199 Errat
1103 3159 1192 3198 autem

114 3243 216 3278 nomen
227 3224 316 3296 ipsum
329 3223 449 3278 indicare
466 3204 582 3292 videtur,
597 3225 632 3277 li·
675 3224 759 3279 Hard.
784 3225 831 3296 qui
855 3226 883 3284 in
906 3238 970 3279 nota
994 3229 1010 3278 6
1034 3243 1093 3297 pag.
1119 3223 1192 3294 139,

114 3305 212 3359 beuter
222 3322 278 3358 esse
288 3303 405 3359 credam.
417 3305 470 3357 En.
677 3304 843 3359 coloniarum
852 3324 996 3366 numerum
1007 3305 1129 3357 incautus
1141 3323 1189 3358 au·

158 3402 208 3453 91.
219 3385 293 3437 Asta.
304 3383 429 3436 Meminit
436 3383 571 3450 Mela‚lib.
581 3385 632 3450 ΠΙ,
674 3397 730 3456 get,
740 3403 825 3456 quum
839 3385 909 3438 inter
923 3385 980 3437 illas
995 3385 1091 3437 urbem
1102 3383 1192 3438 Gades

116 3482 176 3535 cap.
195 3483 225 3530 1,
238 3464 409 3528 Ptolemaeus,
418 3463 466 3516 lib.
478 3465 520 3529 11,
530 3482 589 3534 cap.
604 3470 632 3530 ά,
675 3464 797 3517 nominet
805 3483 886 3536 quam
896 3482 1027 3533 nusquam
1039 3463 1136 3517 Noster
1144 3483 1190 3518 co·

116 3555 145 3596 et
158 3542 271 3608 Strabo,
282 3544 329 3596 lib.
346 3545 401 3608 111,
418 3561 478 3614 pag.
499 3549 567 3606 141,
583 3544 632 3616 qui
675 3544 775 3599 loniam
789 3543 917 3614 appellat,
933 3540 979 3594 sed
997 3543 1044 3596 lib.
1059 3543 1110 3608 IV,
1127 3563 1188 3617 cap.

115 3641 175 3676 eam
184 3635 294 3677 centum
301 3622 406 3677 circiter
415 3621 531 3677 stadiisa
541 3623 632 3681 littore
679 3621 725 3688 36,
742 3623 865 3695 Oppidum
881 3625 965 3674 civium
979 3623 1191 3686 demoraremur

115 3702 203 3774 ponit.
227 3703 311 3756 Urbis
338 3703 418 3774 hujus
442 3700 540 3755 rudera
564 3702 634 3755 inter
675 3703 803 3774 quaeipse
817 3699 1098 3762 Hard.·Gaditauum
1111 3706 1192 3775 oppi-
1234 3723 1246 3738 κ

120 3783 257 3853 Trebujena
284 3793 311 3835 et
329 3783 412 3834 Xerez
434 3781 577 3835 monstrari
597 3783 634 3840 ait
677 3781 743 3838 dum
756 3782 868 3835 civitatis
877 3784 938 3852 jure
952 3781 1082 3839 donatum
1092 3801 1106 3835 a
1117 3784 1134 3836 J
1136 3785 1191 3838 ulio

118 3861 269 3916 Rodericus
281 3863 374 3929 Casus,
382 3863 456 3915 illam
464 3873 552 3915 autem
563 3862 634 3913 Mar·
677 3863 793 3926 Caesare,
806 3880 891 3934 quum
905 3862 1059 3934 Hispaniam
1074 3863 1190 3934 subegit,

118 3941 168 3994 tiui
192 3941 227 3994 de
250 3944 307 3997 Roa
330 3942 415 4012 ipsam
436 3943 528 3995 urbem
550 3943 632 3998 Xerea
676 3954 771 3994 auctor
792 3955 830 3996 est
843 3943 910 4008 Dio,
925 3955 975 3996 etc.
990 3967 1001 3988 ι
1023 3940 1111 3995 Gades
1128 3961 1190 4013 ergo

85 4080 88 4089 Ι
119 4039 174 4075 esse
182 4041 236 4075 nec
251 4022 308 4075 sine
321 4022 422 4075 ratione
430 4020 633 4076 contenditssn.
678 4025 831 4093 manicipium
845 4022 1149 4077 amalandensium.
