2648 4830
463 348 618 416 nsnan
644 349 718 416 111.
1095 366 1121 436 9

62 493 114 548 aut
135 478 254 548 Latiali
275 501 426 547 somnone
445 477 536 548 dictu
556 479 683 566 facilia,
701 504 721 547 a
742 476 878 546 flumine
894 479 990 560 Ana,
1011 476 1123 546 littore

63 587 203 673 Oceani,
220 584 381 680 oppidum
403 571 543 654 onoba⁸
562 587 725 655 AEstuaria
746 585 1016 678 cognominatum
1039 609 1047 650 z
1071 584 1123 651 in·

16 695 21 705 ’
59 690 280 780 terfluentes⁹,
295 689 431 759 Luxia¹⁰
453 706 487 760 et
509 693 640 761 Urium.
667 688 817 760 Arenae¹¹
841 704 971 759 montes
997 715 1004 758 :
1027 690 1124 759 Baetis

91 858 117 911 8.
136 861 224 910 Onoba
242 861 377 910 AEstnorr'a.
404 857 477 911 MSS.
499 859 567 929 Reg.
612 858 674 921 ille,
687 869 717 910 ut
726 857 836 910 minime
847 857 945 909 mirum
956 855 1039 910 cuivis
1047 874 1125 928 map-

57 948 82 991 et
95 936 172 989 ooth.
189 955 219 990 ac
233 937 313 989 Paris.
329 941 456 988 Ossonoba
469 941 569 988 AEstuu·
611 957 675 1008 pam
687 937 837 1009 inspicienti
847 936 931 988 rideri
939 937 1021 1008 possit
1032 937 1125 989 urbem

57 1017 102 1066 rio.
118 1014 209 1066 Parm.
227 1013 291 1067 edit.
309 1019 437 1066 Ossonoba
450 1017 567 1066 Asturia.
613 1033 645 1068 eo
657 1016 710 1069 loci
722 1017 801 1069 sitam
824 1020 975 1068 AEstnariam
989 1015 1126 1086 cognomi·

56 1091 228 1157 Hermolaus,
237 1097 363 1144 Ossonoba
373 1095 499 1158 Luscinio,
506 1111 571 1163 quo-
613 1107 700 1148 natam
711 1097 798 1148 fuisse.
811 1100 939 1148 Ossonoba
951 1108 1039 1148 autern
1050 1098 1125 1168 cujus

55 1172 127 1224 uiam
134 1172 204 1223 inter
213 1189 303 1224 amnes
314 1171 427 1224 Luxiam
438 1184 464 1223 et
471 1172 569 1224 Urium
612 1192 710 1228 nomeu
723 1174 767 1227 hic
787 1175 815 1226 in
828 1173 987 1246 quibusdam
1001 1174 1075 1227 MSS.
1091 1174 1126 1226 le-

56 1250 101 1303 sita
114 1263 163 1304 est.
174 1251 331 1315 Ptolemaeus
339 1290 347 1316 ,
355 1251 436 1303 lib.11
446 1287 453 1314 ,
465 1268 524 1321 cap.
536 1258 569 1316 4,
613 1254 702 1325 gitur,
723 1266 754 1306 ut
767 1254 887 1326 superius
901 1253 1031 1316 diximus,
1045 1252 1126 1304 libra·

56 1319 266 1400 mosomense.
286 1330 343 1382 Nos
362 1319 453 1382 mnas
469 1330 569 1381 atonu·
612 1333 712 1384 riorum
724 1332 939 1404 antnegligentia
957 1344 1003 1384 aut
1016 1333 1126 1385 sortasse

57 1408 413 1478 pias,hooest,AEstuariam,
425 1409 460 1460 ab
466 1412 570 1461 AEstua·
612 1410 762 1481 ignorantia
773 1409 862 1475 ,aliud
873 1420 944 1461 certe
950 1409 1082 1481 oppidum
1089 1420 1127 1462 est

55 1488 100 1542 riis
118 1489 200 1542 etiam
221 1506 296 1541 nunu
308 1507 340 1541 eo
355 1487 408 1539 loci
426 1487 570 1559 frequenti·
613 1488 641 1540 in
655 1490 805 1555 Lusitania,
820 1501 850 1541 ut
863 1488 911 1541 lib.
924 1490 985 1552 IV,
999 1508 1058 1560 cap.
1073 1489 1126 1553 35,

55 1568 125 1632 bus,
144 1568 288 1621 maluimus
300 1567 441 1639 appeliari,
460 1566 570 1637 vestigia
612 1567 742 1623 dicemus.
768 1570 811 1621 Ab
839 1568 977 1621 Ossonoba
998 1567 1129 1620 diversam

56 1647 180 1700 codicum
187 1647 358 1719 antiquorum
367 1664 469 1699 summa
479 1645 532 1698 fide
538 1663 570 1698 ao
612 1647 735 1700 Onobam
752 1661 778 1702 et
790 1649 899 1701 nomine
910 1659 936 1701 et
948 1647 999 1700 situ
1013 1644 1129 1700 Marcia·

55 1726 185 1798 religione
194 1726 285 1780 secuti
297 1725 364 1778 Sunt
374 1725 464 1778 antem
478 1736 570 1777 artua·
612 1741 663 1778 nus
672 1727 841 1779 Heracleotes
855 1726 973 1798 agnoscit
983 1743 1044 1798 pag.
1058 1744 1090 1796 71
1103 1735 1132 1778 et

55 1806 95 1860 sa
116 1795 269 1876 (sinn...
286 1805 426 1875 straboni,
444 1804 491 1858 nb.
509 1805 568 1866 u1,
614 1804 663 1874 37,
678 1804 769 1874 inqua
780 1803 865 1856 nara.
878 1805 930 1856 an.

56 1902 116 1955 pag.
130 1889 201 1955 140)
216 1885 276 1937 locu
294 1901 355 1955 quae
369 1883 479 1936 marinis
493 1883 569 1955 aquis
649 1901 674 1950 9.
688 1885 869 1950 Incerflmnees.
882 1883 943 1933 Vet.
955 1880 1028 1952 apud
1038 1881 1128 1936 Daieo.

55 1965 151 2016 referta
164 1975 225 2015 suut
239 1981 270 2015 ex
288 1961 506 2015 inundationibus
525 1980 571 2032 pe·
614 1964 765 2031 intentarent.
777 1961 829 2013 Eu.

56 2041 123 2112 lagi,
136 2041 371 2114 perquassupein
379 2039 570 2093 mediterranea
650 2059 690 2094 ro.
711 2044 791 2091 Lusio
814 2055 838 2091 et
863 2041 955 2091 Urium.
977 2037 1078 2102 Nunc,
1099 2051 1130 2093 nt

56 2119 200 2174 fluviorum
220 2120 302 2172 instar
319 2120 471 2190 navigantes
493 2137 570 2172 acce·
613 2119 695 2172 modo
708 2120 736 2172 in
750 2120 845 2172 Onoba
860 2118 996 2181 diximus,
1017 2121 1090 2169 Ods'el
1104 2130 1130 2171 et

55 2198 131 2252 dunt.
144 2200 236 2253 Hauu.
246 2200 352 2264 -Quo
367 2210 455 2251 autem
469 2197 496 2249 in
510 2199 569 2250 loco
614 2203 697 2259 Tinto,
709 2198 778 2251 inter
791 2199 877 2250 Anum
897 2211 922 2250 et
940 2197 1033 2250 Baetim
1045 2196 1130 2249 fluen-

55 2279 105 2331 sita
115 2278 322 2343 fueritOnoba,
338 2277 405 2330 inter
415 2277 569 2349 interpretes
613 2290 660 2330 tes.
675 2279 767 2349 Ipsum
782 2297 881 2330 nomen
897 2281 980 2328 Uriam
993 2276 1065 2330 hunc
1079 2276 1129 2329 flu-

56 2375 110 2409 non
124 2368 248 2411 constat:
269 2356 343 2408 illam
360 2359 492 2407 Gibraleon
513 2373 569 2407 esse
612 2356 822 2428 viurmeumdem
837 2375 899 2409 cum
921 2359 990 2406 Tinto
1005 2374 1062 2408 esse
1082 2355 1129 2407 de·
1223 2410 1224 2413 ,

55 2435 201 2490 Rodericus
214 2436 314 2498 Carus,
333 2435 443 2505 Antiqu.
467 2434 569 2503 Hispal.
591 2434 1002 2506 Aclarorevidetur3hujusenim
1010 2432 1129 2486 fluminis

56 2513 74 2565 l.
85 2515 232 2583 111‚c.75,
242 2525 267 2565 et
277 2512 418 2583 posthunc
429 2513 534 2564 Pinetus
544 2523 570 2563 et
612 2512 696 2565 undas
707 2511 840 2584 quidquid
851 2512 988 2583 injiciatur
996 2509 1128 2564 desiccare

55 2591 208 2645 Harduinus
218 2590 384 2643 contendunt
398 2608 406 2640 :⁴
413 2591 570 2642 Mannertus
613 2603 693 2662 atque
703 2588 901 2662 quodammodo
912 2609 1008 2654 urere,
1027 2609 1076 2642 nec
1086 2589 1128 2661 pi·

54 2673 128 2744 juxta
138 2682 245 2740 portum
253 2674 327 2721 Palos
335 2688 393 2722 eam
404 2670 479 2721 sitam
489 2669 570 2721 fuisse
613 2690 669 2723 sees
682 2672 737 2740 pati
749 2682 878 2723 testantur
888 2669 1013 2741 plurimi,
1026 2687 1059 2722 ex
1073 2689 1128 2740 quo

55 2748 569 2819 ait,cuiquidemuouassentior,quum
613 2748 722 2801 fortasse
745 2753 828 2799 Urium
841 2767 940 2801 nomeu
962 2749 1049 2802 duxit.
1064 2750 1127 2801 Haec

58 2829 156 2882 Nostro
168 2828 203 2880 ab
217 2830 275 2879 Ana
295 2827 412 2880 venienti
430 2828 499 2879 citra
520 2827 570 2878 flu·
612 2826 725 2880 flumina
734 2827 828 2880 eodem
839 2829 898 2880 ioco
907 2827 934 2879 in
942 2828 1129 2880 Oceanumin·

55 2908 130 2958 mina
144 2909 252 2957 Luxiam
265 2917 291 2958 et
306 2908 402 2967 Uriam,
415 2924 474 2975 quae
489 2904 569 2957 hodie
612 2905 722 2958 fluentia
731 2906 848 2958 aestuaria
856 2907 985 2969 efficiunt,
993 2907 1128 2980 interque)

57 2989 165 3038 odisset
178 2990 250 3035 'Ii'nto
264 2996 409 3049 vocantur,
430 3002 570 3037 occurrere
613 2986 691 3038 sitam
701 2985 823 3037 Onobam
836 2983 960 3038 diximus.
971 2986 1025 3039 En.
1062 3026 1064 3028 v

55 3063 181 3117 rideatur
201 3063 312 3124 Onoba,
329 3067 403 3113 Palos
417 3074 506 3114 autem
520 3063 570 3115 sita
652 3082 693 3116 11.
706 3069 798 3114 Arena
807 3079 907 3114 montes.
921 3066 962 3116 Ita
973 3067 1084 3117 Roman.
1100 3076 1127 3117 et

54 3144 89 3196 sit
103 3143 176 3195 ultra
188 3142 286 3194 flumen
301 3144 381 3193 Timo.
399 3143 570 3208 D'Anvruffl,
613 3142 761 3196 Parmensis
772 3141 854 3194 editio
867 3154 957 3208 vetus,
972 3143 1046 3194 MSS.
1061 3144 1127 3213 Reg.

53 3223 102 3294 qui
115 3226 246 3292 inopere,
273 3220 317 3272 cui
339 3220 430 3273 titulus
449 3232 487 3272 est
503 3223 569 3272 θέο·
616 3232 775 3284 reta,etc.
788 3225 882 3274 Hareni
890 3216 1002 3279 monem
1016 3220 1129 3290 quidam
1162 3269 1166 3279 ,

52 3305 160 3369 graphio
172 3303 292 3351 ancienne
303 3303 421 3367 abrogas,
432 3301 491 3363 t.I,
510 3318 569 3371 pag.
614 3299 692 3352 etiam
707 3301 805 3350 Ariani
819 3311 845 3350 et
862 3302 975 3354 Mariani
985 3313 1076 3354 montes
1089 3301 1128 3352 le·

55 3381 106 3446 36,
128 3381 201 3432 illam
214 3378 296 3431 hodie
308 3384 414 3446 Mogaer
426 3397 482 3431 esse
496 3380 569 3442 vult,
615 3390 689 3448 gunt.
700 3377 755 3430 Nos
766 3389 857 3430 autem
870 3384 961 3429 Arenae
972 3395 1034 3427 cum
1046 3376 1129 3431 Hand.

54 3460 90 3512 ad
113 3460 205 3511 loevam
227 3457 343 3511 fluminis
367 3460 438 3509 Tinto
462 3457 571 3528 ripam,
615 3456 743 3528 legimus,
757 3455 1128 3527 montesqueillosnihilaliud

57 3537 172 3590 alteram
187 3537 324 3608 magisque
340 3534 522 3607 probandam,
541 3547 571 3587 ut
616 3554 672 3588 esse
694 3548 820 3606 putamus
842 3545 937 3604 prater
955 3534 1019 3586 istos
1042 3554 1128 3589 arenas

54 3617 122 3669 mibi
140 3615 263 3678 videtur,
283 3616 406 3686 sequitur
417 3615 572 3685 opinionem
616 3615 714 3677 colles,
733 3631 800 3684 quos
820 3611 888 3663 Galli
911 3617 993 3663 Dones
1012 3627 1129 3680 vocant,
1194 3650 1197 3659 .

54 3695 85 3748 in
101 3714 194 3766 mappa
205 3713 264 3760 sna,
275 3695 305 3746 in
317 3713 386 3764 qua,
402 3698 471 3746 inter
484 3692 574 3745 flumi-
616 3692 714 3763 quique
733 3692 811 3744 etiarn
826 3710 900 3743 nunc
913 3693 948 3744 ab
961 3691 1054 3745 incolis
1068 3699 1129 3744 Are-

56 3792 124 3825 num
139 3777 212 3826 Odiel
226 3786 253 3828 et
272 3777 343 3825 Tinto
362 3775 427 3827 ostia
446 3773 572 3844 ponitur,
616 3792 662 3823 nns
673 3775 767 3839 gordos
781 3771 962 3843 appellantur;
979 3771 1045 3823 nulii
1057 3772 1130 3822 enim

55 3871 111 3922 quo
134 3853 194 3906 loco
219 3852 301 3907 hodie
323 3854 457 3924 reperitur
470 3857 571 3905 Hnelba.
616 3861 720 3902 montes
739 3860 796 3902 toto
814 3850 868 3904 hoc
886 3850 976 3903 littore
993 3848 1130 3921 reperiun-

54 3931 196 3986 AEstuariis
209 3944 296 3986 autem
311 3933 344 3986 ita
361 3931 480 3984 abundat
497 3932 571 3984 locus
620 3941 671 3981 tur.
690 3927 739 3980 Eu.
