2648 4830
151 335 175 406 6
415 340 454 405 C.
482 337 653 406 PLINII
678 339 791 406 NAT.
818 339 948 406 HlST.

115 492 128 526 1
203 471 247 537 lI.
269 469 311 535 In
327 492 367 536 eo
384 471 491 562 prima
508 470 668 563 Hispania
687 483 849 537 terrarum
864 481 929 554 est,
948 467 1086 538 ulterior
1102 469 1215 564 appel·

148 576 234 656 lata,
245 573 360 642 eadem
378 577 508 644 Baetica.
525 578 608 645 Mox
624 600 646 644 a
656 574 738 644 fine¹
754 576 918 668 Urgitauo
933 576 1077 660 citerior,
1092 575 1217 644 eadem·

149 706 214 776 que
236 683 493 750 Tarraconensis
518 682 559 750 ad
580 685 737 776 Pyrenaea
760 681 849 775 juga.
872 680 1021 750 Ulterior
1043 685 1078 750 in
1102 681 1215 770 duas',

149 812 210 881 per
226 785 483 881 longitudinem,
505 790 693 883 provincias
709 787 875 857 dividitur.
890 775 1076 881 Siquidem³
1090 789 1221 856 Baeticae

149 894 251 962 latere
271 893 531 988 septemtrionali
555 891 775 990 praetenditur
798 895 982 981 Lusitania,
1006 919 1104 964 amne
1125 884 1218 964 Ana⁴

80 1049 82 1053 ,
148 999 299 1068 discreta.
317 1002 422 1069 Ortus
436 1002 491 1071 hic
510 987 739 1071 Laminitano⁵
752 1024 833 1094 agro
853 1002 1011 1069 citerioris
1034 1002 1217 1095 Hispaniae,

105 1125 106 1128 ’
149 1120 184 1174 et
201 1105 303 1174 modo
325 1131 359 1175 se
379 1109 414 1175 in
432 1121 548 1201 stagna
570 1107 728 1194 fundens,
747 1107 849 1175 modo
872 1108 907 1175 in
922 1109 1089 1201 angustias
1106 1131 1218 1175 resor-

148 1211 249 1298 bens,
274 1226 332 1280 aut
356 1214 391 1281 in
412 1227 521 1282 totum
549 1211 709 1283 cuniculis
730 1209 899 1298 condens,
925 1227 959 1281 et
984 1214 1102 1309 saepius
1128 1213 1219 1281 nasci

117 1317 315 1410 agaudens,
342 1319 376 1386 in
400 1319 603 1389 Atlanticum
630 1322 804 1388 Oceanum
831 1318 1028 1388 effunditur.
1053 1325 1219 1387 Tarraco-

149 1425 259 1492 nensis
282 1439 392 1494 autem
414 1412 509 1495 hinc⁶
532 1427 633 1497 affixa
653 1429 830 1520 Pyrenaeo,
859 1439 996 1519 totoque
1024 1426 1094 1519 ejus
1117 1425 1226 1494 latere

149 1529 353 1617 decurrens,
374 1546 408 1599 et
426 1531 523 1601 simul
543 1532 586 1601 ad
609 1530 795 1601 Gallicum⁷
827 1534 1002 1628 Oceanum
1025 1517 1181 1600 Iberico⁸
1202 1554 1232 1600 a,

185 1739 221 1790 Il.
238 1758 260 1791 1.
275 1742 334 1790 Fine
358 1742 487 1807 Urgitano.
502 1738 556 1792 Seu
575 1740 663 1810 potius
742 1743 768 1789 5.
790 1741 946 1790 Laminitano
969 1759 1041 1807 agro.
1060 1739 1101 1792 Ab
1118 1739 1236 1812 oppido'

153 1822 284 1883 Urcitano,
303 1837 386 1888 quum
397 1819 528 1889 oppidum
545 1822 603 1868 Urci
615 1836 662 1870 vo·
707 1815 779 1886 quod
793 1819 907 1887 Δαμὶνιον
925 1831 1005 1871 vocat
1021 1820 1179 1872 Ptolemaeus
1191 1820 1223 1871 in

148 1910 192 1950 cet
209 1897 318 1958 Noster,
337 1915 392 1967 cap.
408 1903 441 1959 4,
464 1896 544 1966 hujus
557 1895 606 1947 lib.
623 1895 664 1946 his
705 1895 877 1966 Carpetanis,
889 1896 937 1949 lib.
946 1898 989 1957 II,
1009 1916 1033 1949 c.
1045 1901 1071 1949 6.
1083 1902 1222 1950 Laminium

150 1976 261 2030 verbis:
279 1980 376 2043 Oppida
388 1996 438 2026 oroe
446 1977 578 2043 proxima,
592 1977 662 2034 Urci,
705 1976 733 2028 in
747 1976 941 2030 Tarraconensi
957 1978 1179 2050 Antoninus,qui
1194 1979 1220 2031 id

148 2068 200 2108 etc.
209 2056 321 2107 Ptolem.
335 2055 380 2106 lib.
392 2055 436 2118 11,
451 2056 555 2124 cap.6,
569 2055 664 2123 Olpsn3
704 2073 719 2116 a
743 2055 827 2126 capite
847 2055 964 2109 fluminis
986 2058 1048 2108 Anae
1066 2057 1167 2111 distare
1185 2058 1232 2110 ait·

149 2147 175 2188 et
184 2134 431 2198 Martianus,l.VI,
441 2153 465 2186 c.
475 2133 509 2186 de
518 2133 661 2204 Hispania:
704 2151 745 2186 vn
758 2151 789 2186 u.
804 2153 874 2204 pass.
892 2135 1002 2207 Oppido
1020 2155 1119 2190 nomen
1138 2137 1219 2191 hodie

149 2212 455 2277 «thuresmodus,
477 2230 529 2283 qua
559 2211 665 2264 citerior
705 2230 761 2264 esse
772 2217 874 2265 tranant
884 2214 948 2268 dicit
962 2214 1095 2269 Harduin.
1108 2216 1219 2269 Pinetus

150 2291 664 2354 meat,Tarraconensisdicitur.nMela
705 2295 1220 2366 autemetn’AuvrussAllambm,quod

150 2383 258 2434 autem,
277 2371 323 2423 lib.
342 2372 382 2435 11,
405 2389 465 2440 cap.
481 2373 496 2421 6
517 2388 524 2422 ε
548 2394 559 2416 ι
570 2370 665 2441 Virgi,
705 2368 846 2422 coufirmat
862 2371 1025 2425 Mannertus.
1037 2373 1164 2426 Exoritur
1174 2393 1219 2426 au·

150 2451 179 2503 in
193 2450 342 2521 sinuquesn
356 2449 526 2520 Virgitannm
538 2461 664 2500 vocant.»
704 2460 760 2501 tem
768 2449 837 2500 Anas
848 2468 879 2502 ex
887 2450 1026 2504 nonnullis
1036 2453 1133 2522 stagnis
1143 2489 1151 2516 ,
1162 2453 1219 2524 qui·

150 2531 237 2602 Hujus
258 2529 350 2601 oppidi
369 2529 466 2581 rudera
479 2527 585 2598 agnosci
601 2527 666 2579 dicit
705 2529 755 2580 bus
766 2526 847 2580 hodie
861 2546 959 2581 nomen
974 2543 1014 2581 est
1034 2537 1101 2598 Lago
1121 2535 1152 2582 de
1165 2534 1221 2582 Itur'-

151 2613 316 2672 n'Anmm,
324 2608 463 2677 nonlonge
472 2607 506 2658 ab
514 2607 580 2659 urbe
591 2614 664 2657 Vera.
705 2612 781 2667 dem,
797 2606 829 2659 ac
838 2626 866 2661 se
878 2608 933 2679 ipsc
945 2610 1042 2680 premit
1055 2610 1170 2663 subinde
1180 2629 1222 2664 nn-

152 2687 227 2738 Illud
240 2686 323 2740 leucis
341 2685 444 2737 circiter
459 2698 574 2756 quatuor
588 2686 665 2737 abeat
705 2685 866 2756 gustioribus
873 2687 1106 2750 alveis,tandem1.
1116 2688 1222 2742 circiter

153 2766 222 2818 urbe
231 2764 387 2836 ponendum
401 2764 507 2835 putavi,
520 2764 555 2816 ad
568 2763 665 2816 ostium
706 2783 730 2817 at
740 2783 805 2836 pass.
816 2784 830 2818 a
841 2765 975 2831 fontibus,
990 2767 1129 2827 intutum,
1143 2780 1174 2820 ut
1187 2762 1230 2820 ait'

151 2843 350 2918 parvifluminis
358 2842 665 2906 hodieAImaazordicti,
706 2843 818 2910 Noster,
830 2844 859 2894 in
871 2843 1001 2896 cuniculis
1017 2864 1045 2897 se
1056 2845 1163 2907 condit,
1175 2865 1222 2917 per

153 2924 218 2977 etin
231 2923 393 2993 Urgitanum
408 2924 495 2975 sinum
515 2921 665 2986 influentis,
706 2943 741 2976 xv
755 2923 862 2975 circiter
879 2941 911 2976 at.
924 2941 992 2995 pass.
1011 2923 1164 2995 iterumque
1187 2924 1221 2978 ad

152 3005 271 3076 quinque
279 3002 515 3056 circiterleucisab
523 3003 588 3054 urbe
594 3003 667 3055 Mur·
707 2999 792 3052 lucem
804 2999 910 3070 prodit,
923 3001 950 3052 in
960 3019 1055 3071 magna
1065 3019 1121 3053 sese
1130 3015 1222 3073 stagna

153 3084 197 3155 gi,
219 3081 302 3134 hodie
315 3085 440 3149 Mujacar,
455 3081 509 3133 sive
520 3085 667 3142 Moxacar,·
706 3077 874 3143 diffundens,
884 3098 945 3150 quer
957 3079 990 3131 ab
1003 3079 1098 3132 incolis
1106 3087 1154 3131 Los
1163 3101 1223 3146 oyor

152 3164 210 3216 hacc
222 3174 310 3216 autem
324 3162 425 3214 Baeticae
434 3161 495 3213 finis
506 3175 556 3225 est,
570 3175 600 3212 ut
608 3179 665 3213 mo·
706 3161 738 3208 de
746 3161 895 3217 Gaudiana,
909 3159 972 3211 elnae
989 3159 1060 3210 oculi
1075 3173 1222 3224 vocantur;

154 3242 189 3295 do
202 3242 274 3296 dicet
285 3242 392 3306 Noster,
408 3240 452 3292 illa
462 3241 667 3292 Tarraconensis
706 3236 743 3288 ita
753 3236 864 3307 saepius,
874 3248 904 3288 ut
916 3237 951 3288 ait
965 3237 1069 3298 Noster,
1079 3239 1153 3292 nasci
1163 3258 1224 3311 gau·

154 3323 270 3374 initium.
285 3321 441 3373 Mannertus
460 3323 518 3370 Urci
539 3318 667 3371 hodievi-
707 3317 785 3371 dens.
798 3316 849 3368 Eo.

155 3419 218 3452 cum
239 3408 356 3467 Monnoy
372 3417 428 3451 esse
441 3396 522 3463 dicit,
533 3397 605 3468 quod
619 3417 667 3450 no·
743 3399 769 3447 6.
780 3398 854 3447 Hinc.
868 3394 947 3468 Apud
961 3396 1113 3469 Dalecarnp.
1131 3411 1158 3450 et
1168 3398 1223 3451 Elz.

154 3496 217 3530 men
229 3478 258 3530 in
268 3477 371 3550 mappis
382 3475 464 3528 nullis
473 3475 567 3546 reperi.
577 3477 631 3527 En.
710 3475 792 3528 deest.
804 3475 857 3527 En.

192 3577 216 3610 a.
230 3564 305 3613 Duas.
314 3554 404 3610 Chilfl.
421 3560 484 3606 ditas
489 3569 583 3622 partes.
597 3556 649 3607 En.
744 3573 769 3624 7.
799 3557 842 3605 Ad
866 3556 987 3604 Gallicum
1010 3561 1144 3606 Oceanum.
1170 3556 1224 3620 Qui

191 3642 216 3688 3.
226 3640 356 3704 Siquidem.
369 3635 532 3699 Martianus,
547 3634 597 3686 loc.
610 3634 655 3686 cit.
712 3634 758 3685 hic
767 3633 845 3685 etiam
852 3633 1027 3703 Aquitanicus
1037 3645 1164 3697 vocatur,
1174 3635 1225 3686 ho-

191 3723 215 3779 l,.
226 3721 292 3766 Ana.
303 3717 379 3768 Nunc
392 3717 525 3766 Gaudiana
540 3713 666 3766 exatubi-
709 3712 752 3764 die
765 3714 837 3781 golfe
848 3716 880 3763 de
894 3716 998 3778 Biscaye
1014 3714 1058 3765 vel
1077 3716 1108 3763 de
1129 3718 1223 3764 Gasco-

156 3795 194 3848 cis
212 3793 344 3850 vocabulis
360 3797 436 3846 Wadi
448 3799 530 3856 Ana,
550 3792 604 3844 hoc
618 3803 669 3855 est,
709 3812 767 3860 gne.
786 3792 838 3843 En.

148 3861 406 3944 sterrnannas.druc
416 3873 667 3936 Straboni,lib.lll,
753 3872 989 3922 8.1tertcoamart
1011 3868 1091 3934 Quod
1113 3870 1225 3930 Noster,

156 3971 214 4023 pag.
226 3952 349 4018 139.En.
718 3969 814 4020 capp,
827 3949 970 4019 Hispanum
980 3967 1087 4020 quoque
1101 3962 1126 4002 et
1136 3950 1225 4002 Balea-
