2648 4830
430 444 435 450 .
468 375 629 443 LIBER
655 375 730 443 III.
1089 402 1136 473 a7

59 505 208 599 Ostippo
213 503 239 568 ⁹.
252 504 496 599 stipendiaria:
510 505 618 576 Callet
627 506 663 593 ¹⁰,
676 506 837 578 Calueula
845 561 855 593 ,
864 510 983 578 Castra
996 511 1140 603 gemina,

58 609 182 705 Ilipula
196 613 324 698 minor,
336 613 511 701 Memora,
524 616 672 684 Sucrana
681 668 692 702 ,
700 612 886 703 Obulcula,
896 617 1051 710 Oningis.
1059 614 1138 684 Ab¹¹

102 875 131 926 9.
143 857 258 928 Ostippo.
273 855 401 911 Meminit
417 860 516 913 Antou.
532 877 581 911 xrv
622 857 727 912 oeusuit
736 858 870 925 Mariana,
881 858 929 914 lib.
944 860 988 925 ΙΙ,
1002 859 1070 914 Ilist.
1083 860 1143 915 llis·

66 954 98 988 rs.
116 955 143 988 r.
153 938 277 1009 nbllipa,
288 937 318 989 in
328 938 446 991 itineres
456 936 580 992 Gadibus
621 957 685 1010 pan.
697 958 756 1010 esp.
770 957 820 1005 rr,
834 958 895 1010 pag.
916 942 968 1010 78,
981 938 1017 993 ud
1033 939 1141 995 Cordu-

63 1013 231 1071 Cordubam.
247 1019 346 1087 Astapa
362 1017 440 1071 Livio
457 1031 513 1083 est,
531 1019 578 1074 lib.
622 1019 732 1071 bensem
748 1032 910 1073 conventum
927 1021 1069 1091 pertinuit,
1086 1040 1141 1075 nou

62 1096 205 1161 XXVIII,
228 1116 288 1168 cap.
313 1116 360 1150 aa.
379 1088 508 1163 Ᾰσταπα,
523 1100 580 1169 Ap·
621 1095 657 1151 ud
679 1098 868 1169 Astigitanum.
889 1099 925 1152 Et
946 1100 1039 1164 Livius
1061 1119 1141 1167 seue,

61 1176 164 1246 piano,
183 1177 212 1230 in
232 1177 303 1230 Iber.
325 1195 386 1248 pag.
412 1176 486 1248 ηδ,
505 1195 580 1230 nunc
622 1177 672 1231 lib.
682 1179 891 1249 XXVIII,cup.
913 1178 1053 1245 31,haud
1076 1198 1141 1252 pro·

42 1257 232 1327 ,Eropum
243 1257 351 1311 circiter
360 1256 442 1310 leucis
451 1258 486 1309 ab
495 1259 579 1327 Ecija.
624 1258 668 1311 cul
692 1257 815 1313 Gadibus
837 1273 865 1313 et
896 1277 997 1312 oceano
1024 1273 1140 1314 statuere

64 1335 99 1387 H.
112 1349 141 1388 et
151 1337 206 1389 En.
623 1337 738 1409 Oringin
753 1337 868 1396 videtur,
883 1357 963 1409 quam
978 1341 1036 1393 solo
1049 1358 1139 1412 uqua-

106 1434 151 1469 ιο.
167 1416 266 1481 Callet,
276 1427 329 1469 ete.
345 1417 379 1469 In
390 1435 502 1469 nummo
515 1416 578 1470 IIis-
623 1430 676 1470 tam
686 1436 701 1470 a
710 1418 835 1490 Scipione
845 1417 947 1490 prodit.
956 1420 1140 1473 Ite-Horum

61 1494 579 1568 puniemapudllodencarumlibfll,
623 1495 706 1568 igitur
728 1497 893 1570 oppidorum
917 1499 1038 1552 omnium
1061 1499 1141 1553 situm

66 1593 127 1646 cap.
142 1594 269 1647 70,pag.
285 1594 359 1646 197:
375 1576 580 1629 cumr-Calu-
622 1578 700 1629 nobis
724 1577 844 1649 ignotum
869 1597 925 1632 esse
954 1578 1139 1633 confitendum

38 1711 40 1714 f
64 1655 138 1718 cula,
157 1656 301 1709 Ptolemaeo
327 1656 374 1708 lib.
397 1657 446 1720 II,
466 1674 524 1726 cap.
546 1663 577 1719 4,
623 1669 669 1710 est.
691 1657 852 1711 Obulculam
871 1669 960 1712 tamen
974 1656 1074 1712 Roder.
1088 1660 1139 1713 Ca·

63 1736 370 1788 Ramnetum—Pro
386 1735 514 1799 Meroua,
534 1735 581 1788 Su·
622 1755 668 1789 rus
681 1736 727 1789 lib.
745 1739 803 1801 111,
821 1756 879 1808 cup.
897 1745 945 1804 41,
964 1736 1045 1792 hodie
1063 1738 1139 1792 Mun·

46 1823 138 1865 'cmm
157 1815 234 1868 MSS.
248 1807 345 1867 lMacm
364 1814 476 1868 Suu-uua
495 1814 577 1869 dant:
622 1817 693 1869 claua
707 1833 762 1870 esse
778 1816 856 1881 dicit,
867 1818 935 1870 inter
947 1819 1023 1888 Eclja
1034 1829 1062 1871 et
1074 1818 1139 1872 Car·

61 1905 208 1948 atvetustae
217 1893 347 1948 editiones
355 1897 509 1947 Romanaet
518 1895 580 1948 Par*
622 1914 713 1955 mona,
745 1893 820 1966 quod
850 1895 959 1967 quidem
987 1916 1085 1951 nomen
1111 1899 1139 1952 iu

61 1975 175 2040 mensis,
190 1986 223 2027 ut
236 1971 377 2027 edidimus.
390 2007 430 2016 —
443 1975 579 2040 Obulcula,
622 1975 727 2046 mappis
740 1994 795 2027 uon
811 1975 908 2047 reperi.
922 1977 973 2030 Eu.

61 2043 193 2106 (leoteria
206 2053 330 2128 Appiano
342 2066 381 2106 est
390 2055 420 2106 in
432 2056 504 2107 lber.
516 2073 578 2125 pag.
666 2073 711 2108 11.
729 2054 774 2107 Ab
792 2076 836 2108 ora
850 2059 958 2109 uenienti
964 2096 971 2120 ,
981 2056 1139 2127 prepalu-

64 2133 131 2201 293.
142 2124 299 2187 όῧούκολα
310 2134 579 2188 Ptolemaeo.-0nin·
622 2135 716 2187 uolam.
724 2135 766 2187 Ab
777 2155 822 2189 ora
833 2123 1139 2190 scilicetinterni'maris:

59 2217 102 2283 gis
112 2213 188 2266 Livio
194 2224 232 2266 est
241 2214 351 2283 Oringis.
359 2215 450 2279 Quum
460 2214 512 2266 sint
522 2215 579 2268 hac
622 2215 721 2268 Oceani
733 2217 805 2269 enim
816 2234 863 2269 ora
873 2215 1015 2288 Astigitani
1026 2234 1141 2270 conveu-

62 2292 165 2365 oppida
177 2305 252 2346 extra
267 2293 411 2346 Baeturiam
429 2294 513 2364 posita
522 2292 534 2359 ,'
552 2305 580 2347 et
621 2307 680 2359 tus,
694 2293 728 2347 de
742 2313 797 2365 quo
809 2297 856 2349 hie
871 2294 984 2361 Noster,
1002 2308 1071 2349 certe
1085 2316 1140 2349 non

61 2384 212 2425 conventus
222 2373 372 2443 Astigitani,
384 2373 412 2425 in
423 2371 579 2426 eorumdem
622 2375 681 2427 fuit.
692 2374 818 2428 Flutn'um
833 2394 942 2448 quoque
954 2376 1027 2428 huuc
1038 2375 1141 2429 Mauo·

62 2449 221 2522 assignando
240 2453 292 2505 situ
305 2453 426 2505 assentiri
442 2453 506 2506 viris
517 2473 578 2506 eru·
622 2455 702 2516 ham,
717 2473 772 2506 non
784 2475 844 2508 eum
858 2454 957 2526 dequo
970 2474 1032 2508 mox
1042 2456 1141 2510 Noster

62 2531 126 2585 ditis
137 2551 193 2584 non
203 2551 322 2602 possum.
332 2534 399 2585 Num
412 2533 486 2604 quod
497 2533 581 2587 Callet
606 2536 608 2542 “
622 2534 724 2585 Flavius
735 2534 841 2588 Menoba
849 2539 929 2606 etipse
940 2556 956 2586 a
967 2535 1053 2586 dextro
1065 2535 1139 2587 latore

61 2630 138 2664 nunc
155 2612 220 2665 Cala
233 2630 289 2665 esse
302 2625 391 2666 censet
403 2613 447 2666 Jo.
465 2614 511 2667 Fr.
524 2615 579 2666 An·
624 2615 732 2681 infusus,
748 2614 794 2668 sed
813 2615 889 2668 illum
901 2613 935 2668 de
949 2633 1003 2685 quo
1018 2613 1141 2687 superius
1252 2617 1255 2623 '

61 2690 142 2758 drez,
157 2692 207 2744 lib.
221 2691 256 2745 de
277 2693 365 2746 Patria
382 2693 410 2747 S.
423 2694 504 2746 Laur.
517 2712 580 2765 pag.
623 2694 738 2746 Moenoba
760 2715 812 2746 cum
826 2697 922 2766 fluvio,
944 2695 1060 2767 libenter
1086 2712 1141 2748 esse

66 2790 118 2824 nra
128 2810 137 2837 ,
149 2784 177 2825 et
192 2771 263 2826 uod.
274 2773 371 2848 Carus,
382 2773 431 2826 lib.
443 2774 502 2839 111,
520 2792 579 2845 cap.
623 2772 740 2827 credam.
752 2775 874 2827 Priorem
886 2773 972 2840 enim,
987 2775 1034 2845 qui
1046 2773 1141 2828 dextro

63 2869 115 2922 70,
132 2863 160 2905 et
178 2863 239 2922 post
255 2852 332 2904 illum
347 2853 515 2918 Holstenius‚
530 2873 580 2925 op·
623 2853 702 2907 Baetis
711 2853 793 2907 latere
806 2852 967 2920 infunditur,
982 2854 1011 2907 in
1025 2853 1141 2908 Beturia

61 2930 159 3002 pidum
179 2932 280 2985 scilicet
302 2933 331 2984 in
355 2932 443 2985 media
466 2934 581 2986 Baeturia
623 2945 810 3006 conventuque
829 2933 979 3006 Hispalensi
996 2934 1077 2988 fuisse
1097 2953 1141 2987 su·

61 3011 198 3082 positum,
212 3030 293 3083 supra
302 3011 434 3083 Hispalim
445 3013 514 3065 inter
524 3013 579 3065 Bo·
622 3013 774 3084 perioribus
782 3011 915 3067 Harduini
925 3013 1088 3085 argumentis
1096 3011 1143 3066 de·

62 3091 114 3144 tim
132 3104 159 3145 et
172 3093 268 3157 Anam;
289 3110 371 3162 quam
389 3110 464 3145 oram
477 3090 580 3145 Plinius
624 3093 767 3145 monstrari
785 3105 888 3164 potest,
906 3094 1038 3166 posterior
1052 3105 1141 3146 autem

62 3190 138 3224 nunc
158 3170 304 3238 describat,
324 3189 438 3243 quemve
463 3189 579 3224 couveu·
622 3172 770 3243 Astigitano
784 3174 940 3239 conventui,
958 3171 1056 3243 dequo
1067 3189 1143 3226 nune

63 3263 137 3317 tum,
151 3253 292 3305 aestimasse
304 3251 366 3304 satis
376 3270 430 3304 non
444 3250 579 3305 videntur.
624 3252 732 3318 Noster,
742 3265 813 3305 certe
824 3249 996 3324 assignandus
1007 3264 1053 3305 est.
1066 3250 1143 3306 Hune

64 3331 164 3402 Ilipula
178 3349 243 3384 vero
259 3331 359 3395 minor,
380 3331 401 3382 si
419 3331 509 3385 Niebla
525 3343 581 3397 est,
625 3344 714 3398 autem
747 3330 902 3402 opinionem
933 3331 1008 3401 sequi
1034 3328 1143 3385 videtur

64 3409 99 3462 ad
113 3428 220 3463 amnem
243 3411 333 3474 Timo,
354 3415 409 3462 fere
425 3411 495 3463 inter
513 3411 581 3464 ostia
625 3411 796 3481 Ssusou,qui
807 3411 997 3483 Alontigicelos
1009 3422 1035 3463 et
1046 3410 1140 3466 Alosti·

64 3491 146 3552 Baetis
156 3502 183 3543 et
194 3492 273 3554 Auae,
288 3504 318 3544 ut
328 3491 418 3543 visum
429 3503 468 3544 est
480 3488 580 3544 Roder.
624 3509 685 3562 gos,
702 3489 777 3545 haud
795 3491 876 3562 longe
893 3509 907 3543 a
922 3490 1045 3543 Maenoba
1057 3489 1142 3546 fluvio

64 3571 152 3636 Caro,
169 3569 217 3623 lib.
231 3572 286 3635 111,
304 3589 363 3641 cap.
383 3573 436 3634 81,
450 3588 511 3622 sane
524 3588 580 3622 nou
625 3571 712 3641 ponit.
726 3571 777 3623 Hic
791 3571 881 3641 igitur,
894 3581 1032 3641 utsupra,
1046 3571 1143 3624 Mauo·

65 3649 208 3722 Astigitani
218 3663 366 3703 conventus
378 3668 408 3701 ea
419 3668 473 3702 esse
483 3649 583 3720 potuit,
627 3649 682 3701 bam
688 3690 696 3714 ,
706 3668 762 3703 non
771 3663 872 3715 autem,
882 3663 912 3703 ut
923 3647 969 3702 dat
979 3649 1143 3717 Haeduinus,

64 3730 112 3784 sed
128 3731 306 3800 Hispalensis,
330 3729 437 3783 Celticis
460 3728 583 3784 Baeturia
627 3729 755 3802 Merulam
779 3728 950 3782 scribendum
970 3731 1141 3802 putavimus,

64 3811 190 3881 populis,
207 3809 236 3861 in
255 3809 353 3881 quibus
370 3822 408 3862 est
428 3809 534 3872 Niebl'a,
557 3809 583 3862 ei
627 3821 656 3861 ut
676 3809 743 3862 alter
762 3809 795 3861 ab
816 3810 900 3863 altero
920 3808 1143 3883 distingueretur,

64 3889 225 3953 conventui,
237 3901 268 3942 ut
281 3889 383 3941 Plinius
396 3908 459 3941 mox
473 3891 581 3960 snbjun-
627 3887 694 3941 illud
703 3901 790 3941 autem
798 3885 832 3941 de
840 3908 894 3963 quo
903 3888 949 3942 hic
957 3890 1042 3961 agitur

65 3970 116 4040 git,
128 3970 270 4023 attributis.
289 3969 411 4039 Denique
427 3969 448 4020 si
467 3969 580 4040 Oningis
625 3980 655 4020 ut
668 3968 790 4040 superius
798 3966 925 4033 diximus,
933 3990 959 4041 p.
975 3990 1018 4036 ra,

65 4049 103 4102 ibi
124 4049 193 4114 fuit,
219 4049 267 4101 ubi
292 4066 364 4100 nunc
385 4061 422 4100 est
445 4049 528 4112 laete,
551 4062 580 4101 ut
625 4049 672 4101 Ilio
680 4049 753 4101 verde
761 4049 851 4104 vocari
859 4048 994 4104 vultu’Ar
1136 4051 1168 4176 ἡ
