2648 4830
115 343 585 400 “mmmmm
587 354 1044 381 mmmmm
1049 359 1188 382 mmm

189 512 621 604 PRAEMONITIO
650 512 737 599 AD
760 510 1126 602 LECTOREM.

514 685 778 716 ...ηομ-.-

121 789 226 902 Nox
256 845 307 910 te,
331 806 433 891 lector
453 824 596 915 optime,
622 824 733 889 multis
752 825 806 889 hic
834 841 998 890 moratum
1017 824 1111 909 volo;
1135 826 1192 892 sed

125 955 229 1022 quum
246 932 343 996 Plinii
357 946 497 1019 quatuor
509 928 550 993 de
565 925 769 1018 Geographia
783 928 882 993 libros
899 928 933 991 in
950 927 1078 993 duabus
1094 930 1192 1012 hujus

126 1037 259 1103 secundi
274 1035 450 1115 uoluminis
465 1032 611 1123 partibus
623 1035 665 1098 sis
681 1034 871 1116 habiturus,
888 1035 1059 1122 specialem
1073 1034 1191 1099 laboris

126 1144 187 1208 mei
202 1143 363 1206 rationem
379 1139 440 1203 tibi
456 1134 592 1203 reddere
605 1161 673 1202 non
689 1137 769 1202 duxi
784 1160 1033 1226 supervacuum.

162 1248 284 1311 Tribus
302 1260 481 1333 quatuorve
499 1258 626 1307 tantum
648 1242 726 1306 locis
748 1241 908 1307 Harduini
925 1258 1050 1306 textum
1070 1243 1190 1306 immu-

122 1352 259 1416 tandum
276 1349 404 1426 censui,
421 1347 552 1436 optimis
567 1346 734 1411 codicibus
755 1347 796 1410 ad
812 1346 846 1410 id
863 1347 1033 1430 inductus,
1051 1349 1190 1412 nonnul·

120 1457 163 1521 las
182 1457 281 1521 etiam
300 1453 511 1545 typographi,
537 1476 609 1540 quae
633 1451 840 1517 Harduinum
865 1454 1033 1541 fugerant,
1056 1453 1189 1518 mendas

119 1561 273 1651 expunxi.
292 1558 392 1646 Quod
406 1574 515 1623 autem
529 1557 571 1622 ad
582 1558 853 1622 commentarium
865 1560 980 1623 attinet
991 1557 1082 1622 facile
1095 1558 1189 1623 intel·

117 1668 216 1758 liges,
241 1665 344 1730 lector
358 1663 608 1746 humanissime,
632 1686 730 1752 quam
749 1664 853 1758 multa
870 1663 904 1727 in
928 1687 967 1729 eo
987 1664 1189 1759 immutanda

116 1775 327 1862 signarentur
344 1771 497 1859 operibus
510 1771 706 1853 innumeris,
722 1794 794 1858 quae
805 1770 846 1834 ab
862 1769 1022 1835 Harduini
1038 1788 1129 1839 aetate
1148 1770 1189 1835 ad
1224 1848 1226 1853 ἲ

116 1895 265 1943 nostram
281 1875 321 1941 de
342 1876 442 1940 veteri
458 1876 662 1964 Gcographia
678 1877 712 1938 in
729 1877 837 1939 lucent
854 1876 978 1962 prolata
991 1893 1077 1939 sunt.
1096 1879 1189 1940 Hanc
1283 1950 1286 1957 Ι

115 1985 219 2074 igitur
232 1966 384 2046 notarum
400 1980 469 2061 ejus
483 1996 608 2067 partem
621 2002 762 2062 servans,
773 1995 811 2043 ut
821 1980 1012 2068 plurimum,
1028 2003 1092 2067 qua
1104 1996 1189 2045 vete·

115 2082 195 2154 rum*
211 2088 408 2176 scriptorum
422 2086 615 2149 testimoniis
629 2085 725 2149 Plinii
741 2087 967 2150 auctoritatem
978 2085 1188 2170 confirmare,

115 2211 172 2260 aut
198 2216 331 2259 sensum
357 2181 526 2281 explanare
552 2192 686 2274 nititur,
713 2209 837 2279 partem
862 2192 1037 2281 reliquam,
1062 2217 1127 2281 qua
1152 2195 1188 2257 iu

115 2280 261 2366 ntunmis
278 2296 474 2386 explicandis
491 2298 581 2362 litera
598 2320 727 2384 quaque
744 2296 907 2378 abutitur,
925 2314 991 2362 aut
1017 2322 1080 2387 qua
1106 2300 1188 2366 male

112 2405 284 2495 praesentia
299 2406 396 2468 refert
411 2403 559 2467 locorum
571 2419 718 2467 veterum
731 2403 884 2484 nomina,
900 2426 985 2491 saepe
1002 2427 1041 2468 ex
1058 2406 1187 2495 integro

113 2510 322 2578 reficiendam
336 2509 496 2591 judicavi,
515 2509 819 2598 probatissimorum
842 2509 1023 2578 recentium
1043 2511 1187 2602 Geogra·

113 2619 259 2707 phorum
277 2639 356 2681 usus
374 2614 504 2680 auxilio.
519 2616 670 2698 Quorum
683 2614 833 2702 quidem,
847 2632 884 2679 ut
897 2615 1002 2680 labori
1017 2616 1096 2681 huic
1114 2642 1187 2683 meo
1250 2686 1254 2696 ¹

114 2724 202 2786 illam
219 2745 284 2810 qua
301 2719 426 2809 indiget
442 2718 540 2782 fidem
560 2718 715 2783 adhibere
731 2742 799 2783 non
816 2743 965 2803 recuses,
984 2723 1118 2787 nomina
1132 2723 1188 2787 hic

114 2828 237 2895 habere
247 2843 280 2890 tc
293 2824 379 2908 volo,
395 2823 554 2913 quidquid
568 2818 766 2888 auctoritatis
780 2848 854 2890 meo
869 2825 962 2908 desit,
971 2827 1006 2890 in
1020 2828 1065 2892 eis
1075 2830 1188 2893 inven-

114 2950 238 2999 turum.
252 2932 390 2998 Solitum
407 2929 526 2994 ducem
544 2930 644 2994 habui
660 2930 857 3013 n’Anvruuu,
874 2934 990 2998 veteris
1011 2935 1099 3023 apud
1124 2959 1186 3000 nos

113 3037 342 3127 Gcographiac,
364 3032 402 3099 ut
417 3036 525 3116 aiunt,
540 3052 684 3123 patrem,
701 3051 799 3124 atque
815 3059 890 3100 cum
906 3061 945 3101 eo
957 3039 1188 3123 Manuertum,

104 3145 208 3224 cujus
224 3144 423 3206 immensum
440 3162 541 3229 opus,
560 3141 619 3232 cui
630 3140 742 3204 titulus
754 3157 803 3205 est
816 3139 1013 3230 Geograplzt‘e
1029 3145 1084 3231 der
1100 3143 1187 3228 Grt'e·

112 3251 192 3314 chen
222 3249 292 3313 und
315 3246 445 3331 Riimer,
472 3247 564 3334 quasi
590 3247 762 3310 thesaurus
793 3270 861 3312 esse
886 3248 1029 3331 videtur,
1058 3251 1092 3314 in
1118 3275 1185 3340 quo

113 3343 224 3419 omnia
244 3376 316 3440 quae
336 3350 377 3416 ad
394 3351 559 3438 antiquam
586 3349 824 3440 Geographiam
846 3353 1011 3440 pertinent
1032 3375 1185 3445 congesta

70 3499 71 3503 =
112 3463 249 3524 fortasse
262 3458 480 3546 potiusquam
494 3456 614 3545 digesta
633 3479 701 3520 non
719 3456 892 3540 diffitebor.
904 3457 1088 3525 Multorum
1102 3487 1185 3551 prae·
1227 3468 1234 3481 “

112 3581 201 3630 terea
216 3562 421 3629 eruditorum
434 3562 583 3630 ,virorum
603 3560 736 3626 nomina
755 3581 928 3653 occurrent
953 3564 1012 3630 tibi
1032 3567 1065 3630 in
1087 3570 1183 3636 notis.

115 3672 208 3753 Quos
225 3671 320 3751 inter,
336 3669 506 3733 nominare
523 3669 577 3732 hic
596 3668 677 3732 mihi
693 3692 814 3756 paucos
830 3671 938 3752 liceat,
956 3695 1099 3759 quorum
1116 3698 1183 3738 non

113 3801 212 3864 opera
229 3791 374 3857 tantum,
392 3774 448 3838 sed
464 3776 560 3838 etiam
575 3774 707 3838 consilia
721 3774 802 3838 mihi
819 3797 886 3839 non
903 3769 1092 3844 defuerunt:
1106 3780 1185 3844 cele-

114 3883 293 3947 berrimum
317 3881 512 3964 Gossnnnm,
536 3881 629 3960 cujus
652 3881 764 3969 peritae
787 3904 902 3946 manus
926 3884 1056 3966 orbem,
1082 3903 1119 3948 ut
1141 3887 1184 3949 ita

114 3986 238 4068 dicam,
255 3987 427 4075 antiquum
449 4009 566 4074 magna
590 4009 628 4050 ex
653 4003 744 4074 parte
767 3988 1001 4071 restituerunt;
1020 3990 1183 4054 eruditum
